1747 2620
502 631 749 686 LIBER
805 629 1245 685 SECUNDUS.

388 791 463 826 DE
518 788 853 824 LOGISTICA
905 787 1365 825 ARITHMETICA.

739 1100 940 1140 CAPUT
981 1100 1012 1139 I.

342 1236 397 1263 DE
421 1234 713 1262 INTEGRORUM
738 1233 1049 1261 NOMINATIONE
1071 1233 1125 1260 ET
1149 1233 1416 1261 NOTATIONE.

214 1359 419 1394 HACTENUS
447 1356 722 1403 computationes
749 1356 986 1402 quantitatum
1013 1356 1173 1391 omnibus
1196 1356 1382 1403 Logistieae
1405 1357 1584 1404 speciebus

162 1423 398 1458 communium
412 1438 421 1465 ;
449 1427 644 1468 sequuntur
661 1421 894 1468 propriarum.

211 1553 244 1587 T
247 1552 346 1593 ertiC),
371 1552 499 1597 itaque,
520 1550 794 1597 computationes
818 1550 872 1584 vel
895 1555 975 1584 sunt
998 1549 1279 1591 verfflomiarum,
1304 1551 1358 1586 vel
1380 1551 1583 1586 fictinomia-

161 1630 239 1652 rum
265 1630 326 1651 seu
350 1616 652 1664 hypotheticarum
679 1615 926 1661 quantitatum.
979 1615 1084 1649 Unde
1102 1614 1283 1661 Logistica
1301 1616 1354 1650 vel
1377 1622 1427 1650 est
1450 1616 1582 1651 verino-

161 1683 320 1723 mimum,
335 1683 378 1717 de
393 1682 519 1728 quibus
535 1681 613 1715 Lib.
631 1681 682 1715 ΙΙ.
698 1686 732 1715 et
748 1681 840 1723 111.;
864 1680 917 1714 vel
930 1680 1202 1714 fictinomiarum
1217 1693 1277 1715 seu
1291 1681 1578 1727 algebraiearum,

160 1749 203 1783 de
221 1748 348 1794 quibus
368 1747 447 1781 Lib.
468 1746 535 1780 IV.
555 1751 688 1792 agetur.

208 1811 423 1847 Verinomiae
442 1817 522 1845 sunt
540 1810 753 1856 quantitates
776 1809 866 1844 veris
889 1810 1088 1844 nominibus
1112 1810 1275 1851 definitae,
1302 1810 1439 1856 quibuS‚
1466 1817 1580 1856 quotae

159 1878 228 1912 sint
245 1876 480 1916 multitudine,
502 1875 555 1910 vel
573 1881 713 1921 quantae
731 1875 800 1909 sint
816 1874 1069 1921 magnitudine,
1090 1875 1294 1922 explicatur.

209 1941 422 1976 Verinomiae
449 1947 509 1975 aut
536 1946 616 1974 sunt
639 1940 797 1974 discretae
820 1952 964 1974 numero
987 1940 1148 1980 discreto,
1168 1946 1228 1975 aut
1246 1946 1416 1975 concretae
1434 1953 1578 1974 numero

158 2012 318 2041 concreto
336 2006 533 2040 nominatae.

207 2071 321 2111 Unde,
359 2070 538 2117 Logistica
572 2069 843 2104 verinomiarum
878 2069 930 2103 vel
970 2076 1020 2104 est
1060 2069 1290 2104 discretarum
1328 2069 1573 2114 quantitatum,

156 2148 233 2182 quae
256 2134 492 2170 Arithmetiea
517 2134 656 2174 dieitur,
685 2134 728 2168 de
755 2136 823 2179 qua
846 2134 911 2168 hoc
937 2133 1015 2168 Lib.
1038 2134 1112 2176 H.;
1142 2133 1195 2168 vel
1218 2139 1468 2174 concretarum,
1497 2146 1574 2180 qua:

156 2201 390 2241 Geometriea,
411 2201 453 2235 de
472 2202 539 2246 qua
557 2200 635 2234 Lib.
657 2199 729 2233 ΙΙΙ.
750 2204 882 2245 agetur.
