1747 2620
183 219 223 246 42
634 219 698 249 DE
724 220 850 250 ARTE
876 219 1151 250 LOGISTICA.

239 322 335 357 Hinc
365 324 522 369 sequitur
551 325 716 360 facillima
745 326 1024 371 quintuplicatio,
1056 325 1234 366 nimirum,
1267 326 1453 372 decuplum
1484 327 1597 372 bipar-

184 387 310 422 tiendo.

375 453 424 487 Ut
438 452 507 487 sint
519 452 733 494 8650913722
745 453 1050 499 quintuplicanda3
1071 454 1144 500 ejus
1156 454 1342 500 decuplum
1356 455 1435 500 (per
1446 455 1594 500 primam

321 516 507 551 sectionem
525 517 647 563 hujus)
666 523 717 551 est
739 518 988 559 86509137420,
1017 518 1114 564 cujus
1141 518 1327 553 dimidium
1354 519 1595 554 4325456860

321 587 371 615 est
390 580 612 627 quintuplum
631 581 738 616 oblati
755 582 917 616 facillime
935 582 1127 617 inventum.

223 710 268 743 Et
287 715 417 750 contra,
438 709 549 744 facilis
566 716 617 745 est
635 711 942 758 quinquepartitio,
962 712 1107 757 duplum
1125 712 1409 758 decupartiendo.

366 774 417 809 Ut
447 774 517 808 sint
550 776 790 811 4325456860
823 776 1164 822 quinquepartienda
1184 792 1193 819 3
1239 777 1353 823 primo
1387 778 1586 824 duplentu1·‚

316 840 468 884 fientque
496 838 761 883 86509137203
795 841 921 875 deinde
944 842 1003 886 (ex
1027 841 1177 876 sectione
1201 846 1222 876 ⁶2
1245 842 1368 888 hujus)
1390 842 1588 888 partiantur

313 917 376 950 per
396 908 449 943 10,
470 903 622 950 fientque
642 905 866 947 86509137‘2‚
887 906 1010 951 quinta
1027 919 1107 952 pars
1126 906 1233 941 oblati
1251 907 1406 952 quaesita.

215 1035 290 1069 Nec
308 1034 459 1070 difficilis
476 1036 543 1071 erit
559 1036 774 1082 nonuplatio,
798 1048 982 1070 numerum
1001 1037 1021 1070 ἐι
1039 1048 1100 1070 suo
1120 1036 1267 1082 decuplo
1285 1035 1495 1077 auferendo;
1523 1042 1582 1069 aut

166 1100 422 1146 quadruplatio,
447 1113 632 1135 numerum
655 1101 674 1134 a
696 1113 758 1134 suo
780 1100 964 1146 quintuplo
987 1101 1245 1143 abstrahendo3
1276 1106 1336 1134 aut
1360 1100 1579 1146 sextuplatio,

164 1176 346 1198 numerum
365 1165 410 1198 ad
428 1178 527 1199 suum
546 1165 769 1210 quintuplum
789 1164 984 1210 adjiciendo
1000 1180 1008 1206 ;
1038 1171 1098 1199 aut
1116 1165 1192 1210 ipsa
1209 1164 1376 1210 duplatio,
1396 1177 1580 1199 numerum

163 1229 207 1262 ad
237 1228 304 1263 sibi
334 1230 502 1275 {equalem
533 1230 704 1264 addendo.
771 1229 950 1274 Siquidem
980 1229 1034 1263 hae
1064 1229 1381 1275 multiplicationes,
1417 1229 1580 1263 facillima

162 1293 350 1334 additione,
375 1300 435 1328 aut
458 1294 720 1334 substractione,
748 1294 987 1340 perficiuntur.

211 1358 330 1404 Atque
348 1371 389 1392 ex
407 1358 461 1392 his
479 1371 610 1399 rursus,
630 1358 735 1392 simili
754 1358 929 1399 facilitate,
945 1358 1093 1393 habetur
1107 1358 1305 1405 triplicatio,
1322 1358 1574 1404 septuplicatio,

159 1430 190 1457 et
210 1423 443 1468 octuplicatio,
465 1429 567 1469 atque
586 1424 636 1457 ita
652 1436 714 1469 per
732 1436 849 1457 omnes
867 1436 989 1457 novem
1007 1424 1136 1469 figuras
1154 1423 1407 1469 multiplicatio.

209 1488 457 1534 Exemplorum
475 1488 559 1529 loco,
580 1489 648 1523 sint
666 1488 899 1534 praecedentia
917 1494 951 1522 et
969 1488 1158 1534 sequentia.

208 1618 279 1652 Ubi
297 1626 411 1652 autem
430 1617 680 1664 multiplicator
698 1630 815 1652 omnes
834 1631 957 1652 novem
978 1619 1117 1664 figuras,
1143 1624 1203 1652 aut
1221 1630 1339 1652 earum
1357 1617 1571 1663 potissimam

156 1688 301 1728 partem,
334 1682 531 1728 complexus
560 1682 673 1722 fuerit,
702 1682 755 1716 vel
780 1682 958 1728 partitoris
985 1688 1111 1728 quotus
1138 1682 1292 1728 prolixus
1321 1682 1393 1715 fore
1422 1681 1567 1721 videtur,

155 1753 295 1793 praestat
323 1747 553 1793 singularium
578 1747 748 1793 multipla,
782 1747 852 1781 sive
878 1759 940 1792 per
968 1747 1147 1793 praemissa
1169 1746 1385 1792 compendia,
1415 1746 1486 1780 sive
1508 1758 1570 1792 per

154 1812 368 1846 additionem
392 1811 639 1851 continuatam,
665 1811 746 1851 sive,
770 1811 925 1845 omnium
944 1811 1116 1851 facillime,
1140 1823 1202 1856 per
1220 1823 1296 1845 ossa
1315 1810 1569 1857 Rhabdologia‘

152 1883 288 1916 nostrae,
315 1877 527 1922 impromptu
549 1875 687 1915 habere,
715 1881 828 1921 atque,
855 1888 896 1909 ex
915 1876 963 1909 eis
982 1876 1031 1910 sic
1048 1875 1237 1921 acquisitis,
1264 1875 1436 1921 integram
1453 1875 1568 1909 multi-

152 1941 374 1987 plicationem
393 1946 453 1974 aut
471 1940 695 1986 partitionem
713 1946 905 1974 contexere.

345 2005 406 2045 Ut,
431 2017 494 2050 pro
517 2004 674 2039 examine
699 2004 814 2038 ultimi
832 2004 982 2050 exempli
1000 2016 1074 2050 cap.
1093 2004 1136 2038 de
1153 2003 1453 2050 multiplicatione,
1474 2004 1565 2038 vide-

295 2083 392 2105 amus
411 2069 497 2116 quid
514 2073 632 2108 92105
654 2069 887 2115 multiplicata
908 2081 971 2115 per
995 2068 1209 2109 865091372
1233 2069 1449 2114 producant:
1484 2069 1565 2103 Duc

294 2147 376 2181 ergo
395 2138 513 2173 92105
536 2146 599 2180 per
623 2137 655 2174 Ξ,
684 2137 716 2174 3,
740 2138 773 2174 4,
801 2139 834 2174 5,
860 2133 891 2174 6,
914 2139 947 2174 7,
974 2137 1005 2173 S,
1031 2137 1063 2173 9,
1087 2133 1158 2167 sive
1183 2145 1246 2178 per
1271 2133 1450 2179 praemissa
1475 2146 1563 2167 com-

292 2199 430 2245 pendia,
456 2199 526 2233 sive
552 2211 614 2244 per
639 2198 840 2233 continuam
867 2197 1080 2232 additionem
1106 2197 1222 2244 simpli
1248 2198 1292 2232 ad
1318 2197 1490 2244 simplum,
1519 2199 1563 2233 ad
