1747 2620
162 223 201 250 46

614 219 678 249 DE
704 218 832 249 ARTE
858 217 1135 249 LOGISTICA.

363 326 413 360 Ut
428 325 457 359 si
470 325 572 359 radix
587 325 704 359 oblata
717 327 762 358 35
776 323 977 358 radicaliter
991 323 1214 368 duplicanda,
1231 329 1391 358 secentur
1405 324 1441 358 in
1456 330 1583 370 partes,

308 389 460 436 priorem
485 392 542 429 30,
574 387 802 434 posteriorem
827 392 874 429 53
912 387 980 420 duc
1006 390 1054 420 30
1078 386 1115 420 in
1141 391 1174 426 5,
1207 387 1291 420 fient
1320 391 1399 427 150,
1434 400 1583 433 quorum

312 454 458 499 duplum
479 460 528 487 est
551 456 646 494 3003
679 451 806 496 quibus
830 451 919 485 adde
943 450 1159 496 duplicatum
1182 454 1230 485 30
1253 456 1286 484 et
1310 451 1528 496 duplicatum
1548 457 1582 492 5,

312 530 389 563 quae
408 523 488 551 sunt
506 520 587 556 900,
604 521 638 550 et
654 519 711 556 25,
726 516 880 560 fientque
897 518 999 555 1225,
1016 515 1233 561 duplicatum
1252 515 1357 549 totius
1374 515 1512 550 numeri
1526 519 1583 550 35.

312 581 389 615 Nec
407 593 504 615 secus
523 579 658 614 eveniet
676 592 718 613 ex
735 579 844 613 ductu
861 582 907 613 35
925 578 962 612 in
979 582 1036 612 35.
1091 578 1181 613 Item
1200 579 1229 612 si
1246 585 1453 625 prorogetur
1471 579 1584 620 radix,

311 646 357 680 sit
374 649 445 679 352
461 660 469 687 ;
499 645 568 678 sint
591 650 718 690 partes,
743 643 840 689 prior
857 646 938 683 350,
964 643 1136 688 posterior
1154 647 1176 677 2
1192 658 1201 685 3
1232 643 1300 677 duc
1317 643 1477 683 inxicem,
1503 643 1587 677 fient

311 714 393 751 700,
410 721 558 755 quorum
572 708 718 754 duplum
736 713 787 742 est
804 711 918 749 1100,
947 707 1074 753 quibus
1093 707 1182 742 adde
1201 707 1419 753 duplicatum
1437 711 1470 748 2,
1491 709 1585 753 quod

310 780 361 809 est
383 778 415 814 4,
442 779 476 808 et
500 773 717 819 duplicatum
739 776 811 806 350
834 771 992 818 superius
1016 771 1208 812 inventum,
1234 772 1328 817 quod
1346 777 1397 806 est
1418 776 1584 814 12250ος

311 844 345 873 et
359 851 401 872 ex
414 838 468 871 his
483 837 594 872 tribus
609 837 762 877 summis,
782 840 932 876 122500,
953 840 1054 876 1100,
1071 842 1104 871 et
1118 841 1150 876 4,
1168 837 1307 877 additis,
1324 837 1411 871 fiunt
1431 840 1582 877 123904,

312 903 529 949 duplicatum
553 901 737 947 quaesitum
760 901 890 935 radicis
908 904 989 935 352.
1043 901 1212 947 Experire
1233 901 1498 947 multiplicando
1516 905 1588 936 352

312 967 349 1001 in
363 970 444 1007 352,
460 972 494 1001 et
507 966 600 1001 idem
613 965 778 1000 invenies.
817 966 950 999 Eodem
967 966 1071 1000 modo
1088 966 1304 1011 operandum
1322 966 1412 1000 foret
1429 966 1466 1000 in
1485 978 1587 1011 quar-

314 1038 385 1066 tam
408 1044 517 1077 usque
543 1031 702 1077 figuram,
731 1031 889 1075 foretque
913 1033 1019 1064 3521.
1072 1030 1127 1064 Ex
1151 1030 1335 1065 anterioris
1357 1031 1468 1076 partis
1493 1034 1589 1065 3520

315 1095 492 1141 duplicato
509 1096 583 1141 jam
606 1095 726 1129 habito
748 1098 947 1134 12390100,
972 1100 1005 1128 et
1022 1094 1212 1139 posteriore
1230 1100 1329 1140 parte
1351 1099 1380 1135 1,
1401 1095 1590 1130 habebitur

318 1162 517 1200 12397—Ml,
538 1159 756 1204 duplicatum
774 1158 879 1192 totius
897 1158 1045 1198 numeri,
1066 1170 1126 1192 seu
1143 1158 1283 1198 radicis,
1304 1162 1409 1192 3521.

220 1289 282 1323 Est
300 1289 406 1324 etiam
424 1294 457 1323 et
475 1289 544 1323 alia
560 1288 725 1322 radicalis
745 1287 988 1333 triplicationis
1007 1287 1124 1333 praxis
1141 1302 1149 1329 3
1178 1287 1355 1327 nimirum,
1381 1287 1536 1321 radicem
1554 1287 1590 1321 in

170 1354 256 1387 duas
279 1359 396 1399 partes
420 1353 578 1393 secando,
604 1358 638 1386 et
661 1352 805 1398 triplum
828 1351 937 1397 partis
961 1353 1129 1397 cujusque
1151 1352 1188 1385 in
1211 1351 1355 1386 alterius
1374 1352 1590 1397 duplicatum

170 1418 339 1458 ducendo,
365 1423 398 1452 et
422 1417 575 1463 singulas
598 1422 714 1463 partes
737 1416 972 1462 triplicando;
1006 1429 1049 1450 ex
1072 1416 1126 1450 liis.
1149 1416 1242 1450 enim
1268 1422 1418 1462 quatuor
1445 1416 1587 1450 summis

172 1483 311 1523 additis,
332 1481 538 1528 producitur
555 1481 683 1516 radicis
702 1481 826 1515 oblatae
844 1480 1069 1526 triplicatum.

367 1547 419 1581 Ut
437 1546 480 1580 sit
498 1546 599 1580 radix
614 1545 730 1580 oblata
743 1549 788 1579 35
804 1545 1004 1579 radic-aliter
1022 1544 1242 1590 triplicanda,
1263 1550 1422 1579 secentur
1437 1550 1474 1579 ut
1488 1557 1594 1590 supra

318 1610 356 1644 in
374 1616 490 1656 partes
507 1614 554 1644 30
572 1616 605 1644 et
623 1615 645 1644 5
662 1625 670 1652 3
700 1611 767 1644 duc
787 1609 930 1655 triplum
947 1613 980 1649 5,
1001 1609 1094 1654 quod
1112 1615 1162 1642 est
1180 1613 1233 1649 15,
1249 1609 1286 1642 in
1303 1609 1520 1654 duplicatum
1533 1612 1591 1648 30,

320 1675 414 1720 quod
431 1679 482 1708 est
501 1678 571 1712 900
586 1689 595 1716 3
625 1680 659 1708 et
677 1674 820 1719 triplum
833 1677 890 1713 30,
911 1673 1005 1718 quod
1018 1678 1069 1707 est
1084 1677 1140 1713 90,
1160 1672 1196 1706 111
1215 1673 1433 1718 duplicatum
1448 1678 1481 1713 5,
1498 1673 1593 1718 quod

322 1744 373 1772 est
398 1743 468 1780 25,
497 1744 531 1772 et
554 1738 643 1772 fiunt
666 1738 727 1772 illa
746 1741 872 1777 13500,
899 1737 974 1771 haec
997 1738 1078 1771 vero
1103 1741 1221 1779 2250,
1250 1737 1376 1771 deinde
1394 1737 1595 1772 radicaliter

323 1802 544 1848 triplicentur
561 1805 618 1842 30,
644 1807 678 1836 et
699 1802 787 1836 fiunt
806 1805 925 1842 27000
940 1816 948 1843 3
978 1801 1180 1835 radicaliter
1197 1801 1302 1835 etiam
1320 1801 1542 1847 triplicentur
1559 1806 1592 1841 5,

324 1872 359 1900 et
376 1866 461 1900 fient
481 1870 548 1900 125
565 1881 574 1908 3
603 1878 645 1900 ex
667 1865 721 1899 his
742 1878 824 1911 ergo
843 1872 992 1911 quatuor
1013 1865 1166 1905 summis,
1190 1868 1316 1905 13500,
1337 1869 1441 1906 2250,
1463 1869 1592 1906 27000,

325 1936 360 1964 et
377 1934 455 1970 125,
472 1929 611 1970 additis,
628 1930 859 1970 fiunt.4⁶2875‚
876 1929 1000 1963 oblatae
1018 1928 1148 1963 radicis
1167 1928 1381 1974 triplicatum
1399 1929 1594 1974 quaesitum.

328 1994 498 2040 Experire
521 2007 583 2040 per
605 1993 930 2039 multiplicationem
953 1993 1191 2027 continuatam
1214 1996 1270 2033 35,
1296 1996 1353 2033 35,
1377 1998 1410 2027 et
1432 1996 1489 2033 35,
1510 1993 1595 2027 invi-

328 2071 413 2099 cem,
430 2064 463 2092 et
477 2058 513 2092 in
527 2058 619 2092 idem
633 2057 775 2092 incides.
824 2057 990 2091 Similiter
1008 2057 1037 2090 si
1054 2057 1113 2091 hic
1129 2062 1336 2103 prorogetur
1351 2056 1463 2097 radix,
1484 2056 1596 2102 sitque

327 2127 395 2158 351
414 2138 423 2166 3
452 2123 651 2169 partiantur
668 2122 704 2156 in
723 2121 931 2156 anteriorem
948 2127 1083 2167 partem
1100 2125 1181 2161 350,
1206 2127 1239 2155 et
1256 2120 1482 2167 posteriorem
1504 2125 1533 2161 1,
1554 2133 1596 2155 ex

327 2187 464 2233 quibus,
488 2188 592 2222 modo
614 2186 768 2233 praefato,
793 2186 937 2221 habebis
954 2186 1017 2220 has
1036 2192 1185 2231 quatuor
1208 2198 1369 2226 summas,
1392 2189 1594 2227 42875000,
