1747 2620
610 222 675 253 DE
702 222 831 254 ARTE
856 222 1135 254 LOGISTICA.
1549 225 1587 254 (59

213 331 424 377 Vulgarium
450 330 659 366 fractionum
684 331 957 366 nominationem
978 336 1173 377 sequuntur
1195 329 1423 376 operationeS,
1443 336 1477 364 et
1495 343 1584 364 com-

164 396 386 442 putationum
408 408 544 442 praxes.

213 461 318 507 Ergo,
339 461 456 507 quoad
471 461 608 507 praxin,
628 461 827 496 reducimus
848 461 1025 507 integrum
1047 461 1089 495 ad
1115 461 1295 495 fractionis
1320 460 1480 507 speciem,
1507 462 1584 495 sub-

158 526 313 572 jiciendo
330 526 500 561 unitatem
517 538 580 572 pro
598 525 870 566 denominatore,
890 531 925 561 et
938 525 1181 561 abbreviamus
1196 525 1405 560 fractionum
1421 526 1585 560 terminos

163 603 271 637 quum
295 590 520 631 accreverint,
549 590 734 637 partiendo
757 603 814 625 eos
838 603 900 637 per
924 604 1026 625 suum
1049 590 1241 625 maximum
1262 603 1481 625 communem
1500 591 1584 625 divi-

162 668 284 696 sorem,
318 667 422 701 quem
451 655 557 690 etiam
586 655 781 690 invenimus
807 655 972 690 continua
997 655 1186 701 partitione
1212 655 1392 702 partitoris
1418 668 1480 702 per
1506 668 1583 689 suas

161 720 337 767 reliquias,
369 721 480 755 donec
505 720 595 754 nihil
621 720 852 763 remanserit;
885 726 991 767 atque
1016 720 1120 766 hujus
1148 721 1317 755 beneficio
1345 721 1499 755 diversas
1528 722 1584 755 de-

160 785 415 820 nominationes
438 785 484 820 ad
504 786 651 820 eandem
673 785 893 828 reducimus;
921 785 1084 819 reductas
1107 786 1247 820 tandem
1269 785 1430 820 addimus
1451 792 1485 820 et
1507 787 1583 821 sub-

159 850 359 892 strahimus,
379 850 416 885 in
433 850 595 886 omnibus
609 857 643 885 et
657 863 719 897 per
733 850 859 891 omnia,
875 851 978 896 juxta
991 862 1141 885 canones
1156 851 1393 896 quantitatum
1407 851 1443 885 in
1457 864 1583 897 genere

158 928 232 962 cap.
250 921 274 957 7
292 915 372 951 Lib.
392 916 422 950 I.
442 915 668 962 conscriptos.

354 982 405 1017 Ut
423 981 590 1022 binarius,
614 993 779 1016 numerus
801 981 948 1027 integer,
975 981 1156 1016 reducitur
1174 982 1219 1016 ad
1237 981 1387 1027 speeiem
1405 981 1583 1016 fractionis

303 1059 382 1081 cum
404 1047 443 1081 fit
459 1049 494 1095 ξ.
547 1046 604 1082 Sic
622 1050 644 1081 3
663 1047 708 1081 ad
724 1047 758 1095 3,
787 1052 822 1081 et
839 1051 861 1081 4<
880 1047 925 1081 ad
941 1048 977 1095 ἦ,
1006 1052 1040 1081 et
1057 1051 1079 1081 5
1099 1047 1144 1081 ad
1160 1048 1194 1095 3,
1223 1046 1317 1081 idem
1340 1046 1433 1081 enim
1457 1047 1581 1081 valent.

306 1112 566 1148 Abbreviamus
593 1112 699 1147 etiam
725 1112 891 1147 terminos
914 1112 1019 1158 hujus
1046 1112 1236 1153 fractionis,
1258 1113 1316 1160 ᾗ,
1342 1112 1526 1159 partiendo
1550 1121 1581 1146 et

302 1183 561 1212 numeratorem
582 1183 616 1212 ct
638 1177 938 1212 denominatorem
956 1189 1018 1223 per
1036 1190 1137 1211 suuni
1155 1177 1346 1211 maximum
1364 1189 1582 1212 communem

301 1243 488 1277 divisorem
519 1246 551 1283 Q,
583 1248 616 1277 et
642 1243 726 1276 fient
751 1243 785 1290 {²-
838 1242 895 1277 b'ic
920 1243 979 1289 33,
1009 1242 1147 1288 partitae
1175 1254 1237 1288 per
1264 1255 1364 1276 suum
1390 1242 1580 1276 maximum

302 1320 521 1343 communem
546 1307 734 1342 dixisorem
750 1313 784 1349 7,
810 1308 898 1342 fiunt
915 1309 949 1355 3.
1002 1307 1119 1348 Quem
1145 1307 1251 1342 etiam
1277 1307 1468 1341 maximum
1495 1307 1580 1341 divi-

301 1385 415 1408 sorem
440 1373 573 1408 ibidem
599 1373 649 1407 sic
675 1372 854 1408 invenies:
892 1372 1024 1419 partire
1050 1376 1096 1411 49
1122 1385 1185 1418 per
1210 1376 1268 1413 35,
1297 1378 1479 1406 remanent
1510 1376 1576 1412 14⁴3

301 1438 432 1484 partire
461 1442 507 1473 35
535 1450 599 1484 per
631 1442 684 1478 14,
715 1444 896 1472 remanent
922 1444 970 1481 73
1009 1437 1140 1483 partire
1171 1442 1214 1472 14
1244 1449 1306 1483 per
1333 1443 1366 1479 7,
1399 1446 1578 1472 remanent

300 1503 414 1546 nihil3
447 1509 469 1545 7
494 1516 577 1550 ergo
602 1509 682 1538 sunt
708 1503 879 1537 maximus
906 1503 1100 1538 communis
1124 1503 1255 1537 divisor
1278 1502 1507 1537 terminorum
1532 1506 1576 1536 35

300 1576 335 1603 et.
363 1573 420 1607 49.
473 1568 531 1603 Sic
561 1568 669 1603 etiam
694 1581 756 1615 per
784 1568 922 1603 eosdem
950 1581 1110 1609 canones,
1140 1569 1227 1603 duas
1253 1568 1439 1603 fractiones
1465 1569 1577 1602 diver-

299 1646 416 1668 sarum
440 1633 773 1674 denominationum,
804 1640 840 1668 ut
862 1634 935 1681 1-1317
961 1640 994 1668 et
1019 1634 1102 1681 ᾗ,
1132 1634 1178 1668 ad
1203 1634 1349 1668 eandem
1376 1633 1576 1668 denomina-

298 1699 430 1733 tionem
456 1699 601 1733 reduces
628 1698 694 1733 hoe
720 1699 848 1733 modo:
881 1698 1012 1744 partire
1034 1702 1101 1733 13⁶2
1123 1704 1158 1733 et
1179 1702 1245 1732 128
1268 1711 1331 1745 per
1349 1711 1450 1733 suum
1468 1699 1575 1733 maxi-

296 1776 394 1798 mum
412 1763 600 1798 divisorem
618 1776 848 1804 communem,
865 1763 997 1798 scilicet
1014 1776 1077 1810 per
1093 1768 1127 1805 ὦ,
1143 1769 1177 1798 et
1190 1764 1274 1798 fient
1291 1767 1338 1798 33
1355 1770 1390 1798 et
1406 1767 1454 1798 322
1469 1779 1478 1807 3
1507 1765 1574 1798 duc

296 1834 317 1870 7
332 1841 394 1875 per
408 1832 465 1870 33,
482 1834 516 1864 et
534 1829 618 1863 fient
636 1832 703 1863 231
720 1843 729 1872 3
758 1834 792 1863 ct
810 1829 878 1863 duc
896 1832 962 1863 1128
980 1841 1043 1875 per
1059 1832 1117 1870 33,
1134 1834 1168 1864 et
1184 1829 1269 1863 fient
1287 1833 1392 1870 4224,
1409 1829 1475 1863 hoc
1492 1829 1570 1869 situ,

296 1895 403 1942 ᾗῇ,
423 1907 487 1941 pro
505 1893 673 1929 fractione
690 1895 764 1942 ᾖ
781 1894 918 1929 oblata:
959 1893 1136 1935 Similiter,
1156 1894 1224 1928 duc
1241 1898 1288 1928 322
1305 1907 1368 1941 per
1390 1899 1442 1935 11,
1471 1901 1505 1929 ct
1526 1898 1571 1928 3⁸2

296 1972 358 2006 per
379 1963 458 2000 132,
484 1965 519 1994 et
536 1959 620 1994 fient
638 1963 709 1994 352
727 1966 761 1994 et
779 1964 885 2001 4224,
910 1959 977 1994 hoc
995 1959 1074 2000 situ,
1097 1960 1180 2006 {3532
1196 1986 1204 2000 ,
1233 1972 1296 2005 pro
1314 1959 1483 1994 fractione
1500 1961 1571 2007 115Ῑῖ

295 2025 419 2060 oblata.
474 2024 595 2059 Habes
614 2037 697 2071 ergo
715 2025 802 2059 duas
820 2025 953 2060 oblatas
971 2024 1167 2065 fractiones,
1188 2024 1261 2072 5⁷2¹?
1278 2030 1312 2058 et
1328 2024 1411 2071 5373,
1432 2025 1477 2058 ad
1496 2024 1568 2063 has,

294 2091 400 2138 ξῖᾖὲῑ,
433 2095 468 2124 et
496 2090 604 2137 {fil—¹5,
637 2090 791 2136 ejusdem
823 2089 1128 2130 denominationis,
1161 2090 1333 2130 reductas,
1365 2102 1428 2136 per
1457 2090 1567 2125 dictos

294 2154 473 2201 generales
501 2167 661 2189 canones.
715 2154 854 2196 Quibus
876 2155 951 2201 jam
976 2154 1140 2195 reductis,
1169 2167 1232 2200 per
1256 2155 1396 2189 eosdem
1421 2167 1569 2190 canones

294 2219 454 2254 addimus
481 2219 591 2254 dictos
617 2225 867 2260 numeratores,
892 2226 927 2254 et
948 2219 1048 2260 fiunt,
1073 2231 1153 2253 cum
1175 2219 1351 2254 communi
1368 2220 1568 2255 denomina-
