1747 2620
186 221 203 248 8
627 219 692 249 DE
718 219 845 250 ARTE
872 219 1148 250 LOGISTICA.

382 324 432 359 Ut
456 324 485 358 si
508 324 645 359 dubites
669 337 713 359 an
736 328 758 359 3
780 324 1013 370 multiplicata
1033 324 1070 357 in
1092 328 1113 357 5
1137 323 1332 369 producant
1353 327 1406 363 15,
1436 335 1499 369 pro
1527 336 1602 358 exa-

333 389 425 423 mine
442 389 573 435 partire
594 394 636 423 15
655 401 717 435 per
735 394 768 429 5,
789 394 823 423 et
840 401 920 423 cum
937 388 1019 422 inde
1036 388 1181 422 redeant
1198 391 1231 428 3,
1257 388 1322 422 seis
1346 393 1379 422 te
1401 394 1493 422 recte
1516 388 1601 423 mul-

335 452 531 498 tiplicasse:
561 452 616 486 vel
643 452 753 492 aliter,
783 452 914 498 partire
940 455 983 485 15
1011 463 1074 497 per
1095 454 1117 484 3
1141 456 1175 484 et
1196 451 1341 485 redeant
1363 455 1396 490 5,
1427 456 1465 484 ut
1493 451 1600 496 prius.

331 517 431 556 Item,
458 516 486 550 si
505 515 642 551 dubites
666 529 710 550 an
732 515 775 551 16
794 516 907 550 divisa
927 527 990 562 per
1007 520 1029 549 5
1047 515 1243 561 producant
1265 518 1299 555 3,
1327 514 1447 550 relicta
1469 514 1602 549 unitate

333 581 492 621 indivis-22,
512 580 745 626 multiplicato
767 585 789 615 3
812 581 849 614 in
871 585 904 621 5,
929 593 1000 614 non
1022 580 1170 614 redeunt
1190 579 1244 620 16,
1268 580 1328 613 sed
1349 583 1391 613 15
1408 594 1416 621 3
1445 579 1523 614 ideo
1545 580 1603 614 ad-

331 646 446 679 denda
462 645 528 679 erit
547 645 662 679 unitas
680 644 844 686 examini,
860 650 893 679 et
906 644 1049 691 partitio
1067 649 1233 690 arguetur
1250 643 1384 678 unitate
1400 643 1602 690 imperfecta

331 722 413 743 OSSO.

232 839 295 873 Est
313 845 347 873 ct
364 844 491 884 praeter
508 839 583 874 haec
601 839 697 873 aliud
715 839 913 885 partitionis
935 851 1079 873 examen
1102 838 1139 872 in
1162 851 1208 879 se,
1232 838 1399 872 nimirum
1416 837 1600 883 partiendo

183 903 404 949 partiendum
422 916 484 949 per
502 909 657 949 quotum,
678 909 716 938 ut
733 904 901 950 pristinus
918 903 1000 938 inde
1018 903 1137 938 redeat
1156 903 1315 949 partitor.

377 968 427 1002 Ut
449 981 512 1013 pro
535 968 693 1002 examine
717 981 761 1002 an
788 973 829 1002 15
852 968 983 1014 partita
1004 980 1066 1014 per
1089 972 1109 1001 5
1134 967 1329 1013 producant
1347 970 1379 1006 3,
1403 966 1534 1012 partire
1556 971 1597 1001 15

328 1045 389 1078 per
407 1036 440 1072 3,
461 1038 495 1067 et
512 1033 677 1068 redibunt
694 1038 727 1073 5,
748 1039 786 1067 ut
803 1032 910 1078 prius.

231 1162 351 1196 Habes
375 1162 492 1207 itaque
511 1175 553 1196 ex
571 1162 687 1202 totius,
712 1162 833 1207 partis,
858 1167 891 1195 et
909 1167 1043 1207 partem
1061 1158 1349 1206 cognoniinaliti3‚
1370 1159 1505 1193 duabus
1524 1158 1598 1205 qui-

181 1228 384 1272 buscunque
402 1226 502 1266 datis,
524 1226 661 1260 tertiam
679 1238 742 1272 per
758 1225 1084 1271 multiplicationem
1102 1230 1135 1259 et
1152 1223 1386 1270 partitionem.

732 1407 932 1446 CAPUT
964 1406 1042 1445 ΙΙΙ.

239 1524 293 1550 DE
318 1523 733 1551 COMPUTATIONIBUS
758 1523 882 1551 ORTIS
906 1523 958 1550 Ex
982 1522 1115 1549 PRIMO
1140 1522 1283 1549 ORTIS:
1308 1521 1534 1549 RADICALIS

560 1578 901 1606 MULTIPLICATIO
925 1578 978 1605 ET
1001 1578 1217 1605 PARTITIO.

230 1678 434 1712 HAm-ENcs
454 1684 537 1712 ortae
556 1691 598 1712 ex
615 1679 699 1724 ipsis
717 1679 839 1724 primis
855 1694 864 1721 3
894 1684 1087 1724 sequuntur
1104 1684 1188 1712 ortae
1206 1690 1247 1712 ex
1265 1677 1378 1723 primo
1396 1677 1490 1711 ortis.

228 1808 326 1842 Ortae
349 1820 390 1841 ex
414 1807 527 1852 primo
551 1807 635 1841 ortis
659 1814 739 1842 sunt
763 1807 1035 1853 computationes
1054 1819 1142 1852 quae,
1163 1819 1205 1840 ex
1223 1806 1381 1847 radicati,
1402 1806 1537 1846 indicis,
1559 1813 1592 1840 et

176 1871 314 1911 radicis,
335 1872 470 1906 duabus
489 1871 754 1917 quibuscunque
772 1872 874 1912 datis,
895 1872 1032 1906 tertiam
1050 1870 1243 1905 inveniunt.

226 1935 439 1970 Radicatum
466 1941 517 1970 est
543 1936 637 1981 quod
663 1935 845 1981 aliquoties
871 1935 1038 1981 partitum
1055 1948 1117 1981 per
1136 1923 1367 1980 quantitatem
1385 1935 1537 1980 aliquam
1555 1935 1592 1969 in

177 2000 345 2034 unitatem
376 2000 490 2042 redit3
528 2006 561 2034 ct
589 2006 714 2045 quotus
745 2000 803 2034 ille
830 1999 1059 2045 partitionum
1088 1999 1193 2033 index
1223 1999 1377 2042 dicitur;
1415 1999 1590 2044 quantitas

176 2070 290 2099 autem
309 2064 462 2109 partiens
481 2070 532 2098 est
548 2064 625 2110 ipsa
642 2063 753 2098 radix.

370 2129 421 2163 Ut
439 2141 482 2162 ex
499 2128 553 2162 his
572 2128 683 2163 tribus
707 2128 874 2168 terminis,
895 2132 952 2169 3⁶2,
972 2133 1005 2169 5,
1025 2134 1058 2162 et
1077 2132 1109 2169 Q,
1135 2131 1181 2162 32
1199 2128 1365 2162 dicuntur
1382 2128 1587 2168 radicatum,

321 2192 403 2238 quia
431 2206 472 2227 ea
498 2193 629 2239 partita
656 2193 840 2238 quinquies
868 2206 930 2238 per
956 2197 977 2227 2)
1004 2193 1039 2227 in
1066 2193 1236 2227 unitatem
1259 2193 1430 2235 redeunt3
1460 2192 1589 2226 scilicet
