1747 2620
637 204 700 234 DE
727 203 853 234 ARTE
879 202 1154 233 LOGISTICA.
1564 205 1598 233 15

333 320 366 346 et
385 318 514 346 contra.
572 311 660 345 Item
678 315 778 344 aucto
794 321 938 343 numero
956 309 1071 348 boum,
1100 308 1220 353 augeri
1237 314 1271 342 et
1289 320 1407 342 eorum
1430 309 1594 354 pabulum

331 388 469 410 necesse
492 381 553 415 est,
580 380 614 409 et
636 379 767 414 contra,
791 373 926 408 minuto
943 373 1064 407 minui.
1117 372 1173 407 Sic
1200 372 1309 407 auctis
1331 373 1453 408 diebus
1477 374 1594 418 augeri

332 441 472 480 famum,
503 446 536 473 et
563 438 713 473 minutis·
731 437 853 472 minui.
906 437 1029 471 Tertio
1052 437 1220 482 exemplo,
1246 436 1355 471 auctis
1373 437 1427 472 vel
1454 437 1595 471 minutis

332 504 460 543 solidis,
489 503 592 537 simul
617 508 651 537 et
675 502 781 537 libras
807 501 939 548 priores
962 501 1011 535 eis
1034 501 1181 546 aequales
1206 501 1326 547 augeri
1343 501 1396 535 vel
1417 501 1527 535 minui
1546 508 1594 535 est

332 580 479 601 necesse.
532 566 588 600 Sic
614 578 692 600 cum
718 564 964 611 posterioribus
990 564 1098 604 libris,
1124 568 1146 598 2
1164 564 1294 599 scilicet
1316 577 1440 599 marcae
1466 565 1596 610 priores

333 635 355 665 3
373 631 422 665 eis
440 631 588 676 aequales
606 635 759 664 crescent
781 635 815 664 et
835 630 1033 663 decrescent
1049 643 1058 671 ;
1087 634 1191 674 atque
1209 641 1287 663 cum
1304 629 1429 663 marcis
1446 634 1468 663 5
1486 636 1595 675 poste-

333 695 483 730 rioribus
501 699 702 729 coronatum
720 706 838 728 unum.
890 693 1119 738 Tandemque
1145 705 1223 727 cum
1249 693 1420 728 coronatis
1444 699 1465 732 9
1486 701 1595 739 poste-

334 760 494 800 rioribus,
517 759 701 805 quaesitum
724 758 914 792 solidorum
936 769 1121 792 numerum
1148 757 1251 792 simul
1281 758 1401 804 augeri
1428 764 1461 792 et
1487 759 1596 792 minui

331 836 468 858 necesse
485 829 546 858 est.
598 823 703 857 Unde
729 835 771 857 ex
796 822 941 868 singulis
967 821 1061 856 hisce
1087 821 1178 856 binis
1202 822 1311 856 altera
1328 822 1502 867 quantitas
1521 824 1594 863 sub,

334 893 367 921 et
385 888 493 922 altera
511 899 616 933 supra
631 886 759 921 lineam
776 886 1008 926 constituitim
1029 891 1068 920 ut
1085 885 1242 931 superius
1260 898 1400 920 cernere
1418 886 1507 920 licet.

238 1017 426 1057 Quartum,
456 1020 491 1048 ut
518 1002 608 1049 binae
635 1015 845 1060 quantitates
872 1014 1093 1059 cognomines
1119 1014 1209 1048 linea
1236 1014 1295 1047 11111
1324 1027 1457 1060 semper
1487 1017 1596 1061 sejun-

189 1087 324 1127 gantur.

382 1143 491 1177 Prout
508 1143 544 1177 in
562 1143 796 1189 superioribus
814 1143 990 1189 exemplis
1006 1146 1028 1177 3
1046 1143 1140 1178 horae
1158 1144 1177 1176 a
1195 1143 1216 1177 6
1234 1143 1338 1183 110115,
1358 1150 1391 1178 et
1409 1147 1431 1177 4·
1448 1144 1599 1178 miliaria

333 1210 351 1242 ῐ1
376 1208 570 1242 miliaribus
596 1207 749 1253 quaesitis
775 1208 812 1241 in
837 1207 950 1254 primo
976 1208 1156 1254 exemplo:
1200 1208 1246 1242 Et
1269 1208 1291 1242 6
1316 1208 1420 1243 boves
1446 1210 1464 1242 ’ἱι
1490 1210 1597 1243 bobus

333 1272 496 1318 quaesitis,
525 1277 545 1306 5
571 1284 741 1307 mensurae
764 1272 848 1306 foeni
871 1273 890 1305 a
913 1276 934 1306 3
958 1272 1139 1312 mensuris,
1165 1278 1198 1307 et
1216 1277 1238 1306 21⁴
1256 1272 1329 1307 dies
1347 1274 1366 1306 a
1383 1277 1405 1307 2
1423 1273 1544 1308 diebus
1562 1274 1597 1307 in

333 1338 482 1371 secundo
500 1337 679 1383 exemplo:
710 1337 755 1371 Et
772 1337 809 1370 in
828 1337 929 1371 tertio
946 1337 1102 1383 exemplo
1125 1340 1172 1371 ‘20
1193 1337 1294 1371 solidi
1320 1339 1338 1370 ἐι
1364 1337 1481 1372 5011(115
1508 1351 1596 1383 quae-

333 1401 418 1441 51115,
444 1408 477 1435 et
496 1405 517 1434 Ω
535 1401 632 1435 librae
656 1402 699 1435 ab
720 1405 737 1434 1
756 1400 854 1441 libr-21,
881 1406 914 1435 ct
931 1405 953 1435 5
971 1413 1096 1435 marcae
1114 1402 1132 1434 a
1150 1404 1172 1435 3
1190 1401 1325 1441 marcis,
1352 1407 1385 1436 et
1404 1406 1425 1439 9
1443 1403 1597 1437 coronati

332 1466 375 1499 ab
398 1470 411 1498 l
433 1471 605 1505 coronato,
626 1465 828 1510 interposita
844 1465 936 1499 linea
953 1465 1209 1511 disjimguntur.

240 1595 306 1629 His
325 1594 524 1634 observatis,
553 1594 598 1628 ad
620 1593 774 1628 omnium
797 1594 966 1640 ejusmodi
988 1594 1217 1640 quaestionum
1235 1595 1438 1629 solutionem
1458 1595 1597 1630 unicum

190 1659 352 1693 inserxiet
369 1658 529 1705 generale
546 1658 612 1692 hoc
630 1658 838 1704 operationis
856 1664 1067 1704 praeeeptum
1084 1672 1091 1692 z

240 1723 440 1768 Multiplica
457 1722 668 1768 quantitates
687 1722 879 1768 superiores
897 1723 1056 1763 1111166111,
1079 1723 1163 1757 item
1185 1730 1219 1758 et
1241 1723 1420 1758 inferiores
1438 1724 1595 1764 invicem,

190 1787 313 1821 deinde
331 1787 529 1833 multiplum
547 1787 765 1832 superiorum
782 1787 913 1832 partire
930 1799 993 1832 per
1010 1787 1209 1832 multiplum
1227 1787 1440 1827 inferiorum,
1464 1794 1498 1822 et
1516 1801 1596 1833 quo-

190 1859 242 1885 tus
261 1852 325 1885 erit
344 1851 527 1897 quaesitum
545 1851 727 1897 quaestioni
744 1851 967 1885 satisfaciens.

381 1916 431 1950 Ut
457 1915 493 1949 in
519 1915 631 1961 primo
657 1915 824 1961 exemplo,
853 1915 1048 1961 multiplica
1074 1915 1267 1961 superiores
1292 1916 1313 1949 (j
1337 1921 1368 1949 et
1392 1919 1414 1949 4
1437 1915 1594 1955 invicem,

334 1980 416 2013 fient
444 1983 515 2022 ‘243
548 1992 624 2025 quae
651 1979 781 2024 partire
809 1992 871 2025 per
898 1979 1096 2013 inferiorem
1123 1991 1307 2013 numerum
1333 1982 1365 2019 3,
1395 1985 1428 2012 et
1454 1979 1537 2012 fient
1564 1984 1594 2019 S,

334 2055 497 2077 numerus
522 2043 712 2077 miliarium
738 2042 913 2088 quaesitus.
968 2043 1010 2076 In
1037 2043 1187 2077 secundo
1213 2043 1379 2088 exemplo,
1407 2042 1598 2088 multiplica

333 2107 526 2153 superiores
552 2107 585 2146 6,
613 2112 646 2146 5,
675 2112 709 2140 et
735 2112 757 2140 4
782 2107 941 2147 invicem,
971 2112 1004 2141 et
1031 2108 1112 2141 fient
1135 2110 1226 2148 1203
1260 2106 1340 2140 inde
1365 2105 1558 2151 multiplica
1575 2111 1597 2140 3

334 2183 395 2216 per
418 2175 450 2211 Q,
480 2171 563 2205 fient
586 2171 632 2213 63
660 2183 722 2216 per
745 2184 820 2216 quae
841 2170 971 2216 partire
994 2174 1070 2211 1220,
1099 2171 1333 2215 producentur
1351 2174 1407 2210 «20,
1434 2182 1597 2205 numerus
