1747 2620
615 198 678 229 DE
704 199 833 231 ARTE
860 199 1138 232 LOGISTICA.
1548 205 1583 233 21

160 306 302 354 majoris
326 318 390 353 per
413 305 595 347 minorem,
616 312 650 341 et
676 307 804 343 fractas
828 308 1043 354 quantitates
1067 309 1203 343 unitate
1226 309 1390 350 minores,
1417 322 1460 343 ex
1477 311 1584 356 parti-

161 373 255 408 tione
278 371 424 406 minoris
448 383 510 418 per
536 373 716 419 majorem,
743 379 860 409 ortum
887 387 989 409 suum
1015 374 1144 409 ducere
1168 374 1328 421 superius
1352 374 1390 409 in
1415 375 1585 410 divisione

160 437 386 472 ostendimus.

354 501 405 536 Ut
431 501 552 536 divisis
576 506 598 540 9
625 514 688 548 per
712 506 734 537 ,⁶2
756 504 1000 549 producuntur
1022 504 1080 551 4³3,
1107 516 1178 545 seu,
1203 503 1233 538 si
1254 503 1376 544 mavis,
1402 505 1426 551 3
1449 503 1584 539 unitate

304 566 464 611 majores,
510 566 601 601 Item
617 566 737 601 diw‘sis
757 570 778 601 3
790 580 853 614 per
871 572 893 602 5
908 568 1071 603 oriuntur
1081 569 1115 616 53,
1130 574 1169 603 ut
1186 568 1223 603 in
1235 568 1406 603 divisione
1424 568 1584 615 superius

306 630 532 665 ostendimus,

207 761 313 796 Unde
332 760 445 795 omnis
459 767 663 795 numerator
679 761 791 796 vicem
805 761 896 807 gerit
910 762 1118 808 quantitatis
1132 762 1326 809 partiendae
1343 777 1352 805 3
1382 762 1583 797 denomina-

158 832 213 861 tor
230 827 322 867 vero,
343 825 549 872 quantitatis
567 825 752 872 partientis
770 839 857 861 eam.

351 891 403 925 Ut
429 890 609 937 superiore
635 891 795 937 exemplo
831 892 889 914 3⁰7²
915 891 1008 926 idem
1037 891 1238 938 significant
1262 892 1357 938 quod
1379 893 1453 927 3ab
1471 892 1583 927 divisa

832 927 885 946 ‘200

301 971 364 1005 per
387 959 458 993 ch
471 973 480 1002 3
510 958 560 993 sic
581 960 626 1014 'gg—Z
653 959 747 993 idem
771 959 890 994 valent
913 960 1008 1005 quod
1030 963 1086 994 Sa
1110 960 1225 996 diuisa
1247 973 1309 1007 per
1333 965 1398 1002 Qu,
1425 974 1486 996 seu
1508 962 1582 996 bre-

301 1024 388 1066 vius,
415 1028 438 1059 3
457 1025 569 1060 divisa
594 1037 657 1071 per
676 1029 723 1068 23
753 1024 824 1059 sive
843 1026 986 1060 tandem
1013 1025 1106 1061 idem
1130 1027 1223 1062 valet
1249 1028 1344 1074 quod
1370 1032 1440 1062 tres
1464 1034 1580 1074 partes

303 1090 448 1125 unitatis
467 1090 587 1125 diw'sae
610 1090 647 1125 in
666 1091 752 1125 duas
769 1105 778 1134 ;
807 1090 858 1125 sic
874 1092 897 1138 ᾗ
917 1096 998 1126 sunt
1016 1097 1087 1127 tres
1102 1098 1237 1138 quartae
1260 1093 1418 1136 unitatis,
1439 1093 1494 1128 vel
1512 1098 1581 1128 tres

300 1155 440 1201 partitae
458 1168 521 1202 per
540 1161 701 1201 quatuor,
722 1156 818 1202 quod
836 1156 929 1190 idem
947 1162 1009 1191 est.

204 1285 326 1331 Atque
344 1285 457 1320 omnis
475 1286 666 1332 quantitaS,
686 1292 949 1321 numeratorem
967 1292 1001 1321 et
1025 1287 1329 1323 denominatorem
1350 1288 1494 1329 habens,
1514 1300 1578 1334 pro

155 1351 267 1386 fracta
283 1351 444 1392 habetur,
465 1358 499 1386 ct
518 1358 557 1386 ut
574 1352 700 1387 fractio
718 1357 953 1399 computatur.

206 1416 303 1450 Hinc
322 1416 517 1462 prudenter
540 1417 712 1451 unitatem
737 1430 802 1463 pro
829 1417 1094 1452 denominatore
1121 1417 1268 1465 integris
1296 1418 1511 1464 subjicimus,
1541 1424 1577 1453 ut

153 1481 299 1528 integrae
318 1494 397 1516 cum
416 1482 545 1523 fractis,
566 1482 667 1528 quasi
684 1482 815 1523 fractae,
836 1489 1093 1529 computentur.

203 1546 357 1581 Facilius
376 1552 493 1581 autem
512 1553 762 1593 computantur
785 1548 916 1588 fractae,
937 1548 966 1582 si
992 1561 1113 1583 earum
1140 1549 1284 1584 termini
1308 1550 1575 1591 contrahantur,

153 1618 186 1646 et
205 1611 467 1652 abbrevientur‚
488 1611 696 1658 priusquam
714 1612 807 1646 inter
825 1613 1043 1659 operandum
1061 1614 1291 1649 accreverint.

203 1676 480 1717 Abbreviantur,
502 1683 631 1718 autem,
646 1683 679 1711 et
692 1678 958 1719 contrahuntur,
971 1679 1159 1725 partiendo
1173 1680 1339 1715 terminos
1354 1687 1508 1716 accretos
1519 1693 1581 1727 per

153 1754 254 1776 suum
271 1741 465 1776 maximum
484 1754 704 1776 communem
722 1742 921 1777 divisorem.

203 1806 266 1841 Est
285 1811 401 1840 autem
419 1805 593 1841 maximus
613 1807 807 1841 communis
826 1807 968 1848 divisor,
990 1820 1059 1853 quo
1080 1809 1194 1855 major
1220 1809 1298 1843 dari
1321 1815 1474 1856 nequeat
1498 1822 1573 1856 per-

152 1872 239 1906 fecte
257 1871 418 1905 dividens
438 1877 627 1917 utrumque
645 1872 847 1907 terminum.

202 2000 275 2035 Hic
297 2000 458 2042 habetur,
487 2001 675 2048 partiendo
694 2002 885 2037 terminum
908 2003 1076 2049 majorem
1102 2016 1166 2050 per
1190 2003 1372 2044 minorem,
1393 2003 1517 2049 primo,
1538 2009 1572 2037 et

151 2065 277 2101 deinde
303 2079 439 2113 semper
464 2067 650 2113 partiendo
676 2068 934 2114 praecedentem
964 2068 1171 2114 partitorem
1198 2082 1260 2115 per
1287 2082 1366 2103 suas
1392 2068 1569 2113 reliquias,

152 2132 263 2166 donec
287 2131 428 2165 tandem
454 2131 545 2166 nihil
568 2132 775 2167 remanserit
792 2148 800 2176 3
830 2139 864 2167 et
888 2133 1032 2168 ultimus
1050 2134 1109 2169 ille
1127 2134 1258 2168 divisor
1276 2133 1420 2180 (spretis
1438 2133 1572 2179 quotis)

151 2202 202 2231 est
219 2196 392 2231 maximus
407 2197 602 2232 communis
619 2198 770 2244 partitor
788 2199 966 2245 quaesitus,
