1747 2620
175 213 213 241 36
628 212 691 242 DE
718 211 845 242 ARTE
871 210 1146 241 LOGISTICA.

327 339 613 378 865091372(92105
673 317 870 364 plicationis
904 316 1075 362 multiplo.
1140 316 1216 350 Nec
1251 328 1347 350 secus
1381 316 1515 350 eveniet
1550 328 1591 350 ex

326 393 518 423 7785822348
675 382 826 417 secundo
844 381 924 421 situ,
948 380 1158 426 incipiendo,
1183 380 1360 421 nimirum,
1384 379 1590 427 multiplica-

350 432 557 500 Πὲἓέἓῇἶέξρ
678 446 805 481 tionem
832 459 895 492 per
922 445 1129 480 sinistimam
1156 446 1305 492 figuram
1327 445 1591 492 multiplicantis

324 507 612 552 Q
675 516 707 552 9,
745 517 783 546 ut
812 524 855 545 ex
881 511 1033 545 secundo
1063 510 1237 545 schemate
1266 515 1371 556 patet.
1425 509 1592 544 Similiter

325 560 594 592 79679-240313060

674 576 779 611 etiam
798 575 834 609 in
852 575 1034 610 similibus.

371 644 488 689 Hujus
514 654 659 677 examen
684 641 791 675 habes
817 640 853 674 in
880 639 1067 686 partitione
1093 645 1267 685 sequente,
1293 644 1332 673 ut
1353 645 1387 673 et
1410 639 1503 673 illius
1525 639 1590 673 hoc

320 713 372 742 est
398 719 554 742 examen.

1206 742 1223 754 ὃ

223 838 475 884 Multiplieatio
494 837 610 877 trium,
631 842 691 871 aut
708 836 861 882 plurium
878 847 1112 875 numerorum,
1128 834 1307 881 perficitur
1324 833 1589 880 multiplicando

172 904 325 950 primum
342 903 378 937 in
398 903 599 942 secundum,
625 907 659 936 ot
676 901 802 935 horum
819 900 1019 946 multiplum
1037 900 1073 934 in
1093 899 1244 939 tertium,
1271 904 1304 933 et
1326 898 1450 933 horum
1467 911 1588 933 rursus

174 968 372 1014 multiplum
390 968 426 1001 in
445 973 607 1012 quartum
624 981 632 1009 3
663 972 696 1000 et
714 966 764 1000 ita
780 965 817 999 in
835 965 1008 999 ultimum.

368 1033 418 1067 Ut
439 1032 508 1066 sint
531 1030 798 1077 multiplicanda
818 1030 966 1064 invicem
983 1035 1017 1070 5,
1037 1034 1070 1070 4,
1090 1033 1123 1069 Q,
1143 1035 1177 1063 et
1194 1032 1216 1063 3
1232 1044 1241 1071 3
1271 1029 1338 1063 duc
1356 1033 1377 1062 5
1396 1028 1432 1062 in
1451 1033 1483 1068 4«,
1504 1029 1586 1063 fient

318 1102 388 1139 0203
417 1097 579 1136 secundo,
608 1097 676 1130 duc
705 1100 751 1130 ΞΟ
776 1095 812 1129 111
840 1099 872 1135 Q,
900 1095 983 1129 fient
1009 1099 1080 1135 ζκΟς
1113 1094 1226 1134 tertio,
1247 1094 1314 1128 duc
1332 1098 1379 1128 40
1396 1093 1432 1127 in
1450 1096 1482 1133 3,
1503 1094 1587 1128 fient

320 1166 398 1202 1⁶20,
419 1161 573 1196 omnium
591 1160 800 1206 multiplum.

725 1365 925 1405 CAPUT
964 1365 1038 1403 IV.

548 1498 604 1525 DE
627 1498 707 1524 PAR
715 1498 892 1525 TITIONE
916 1496 1212 1524 INTEGRORUM.

229 1617 408 1650 PARTlTio
438 1615 581 1649 minoris
613 1628 675 1661 per
706 1616 872 1661 majorem
902 1627 971 1649 non
1002 1615 1042 1648 fit
1069 1614 1169 1648 aliter
1199 1626 1303 1660 quam
1333 1614 1585 1660 interponendo

169 1681 306 1721 lineam,
334 1680 425 1714 inter
448 1679 704 1725 superpositum
730 1679 952 1725 partiendum
979 1684 1013 1712 et
1040 1677 1283 1724 infrapositum
1308 1677 1522 1723 partitorem,
1550 1685 1584 1713 et

170 1750 262 1779 totus
280 1744 338 1778 hio
356 1749 482 1789 quotus
499 1743 622 1778 fractio
640 1749 701 1783 est,
722 1743 856 1777 unitate
872 1743 996 1777 minor.

366 1809 415 1843 Ut
441 1808 510 1842 sint
535 1811 558 1842 3
582 1807 769 1854 partienda
792 1820 855 1853 per
877 1813 910 1848 5,
939 1807 984 1842 sit
1004 1813 1130 1852 quotus
1147 1809 1180 1854 ξι,
1200 1820 1279 1852 quae
1296 1808 1581 1853 pronunciantur,

315 1880 383 1908 tres
402 1873 532 1919 quintae
551 1873 705 1913 unitatis,
725 1873 788 1913 vel,
811 1873 878 1906 tria
895 1872 1007 1906 divisa
1022 1885 1085 1918 per
1102 1871 1257 1918 quinque
1272 1887 1281 1915 3
1309 1878 1344 1907 et
1361 1872 1485 1907 fractio
1501 1879 1563 1908 est.

217 1938 322 1973 Unde
340 1938 422 1972 hinc
440 1943 553 1972 ortum
571 1938 701 1972 habent
718 1937 855 1971 numeri
872 1937 983 1977 fracti,
1012 1942 1050 1971 ut
1071 1937 1114 1971 de
1138 1936 1390 1982 quantitatibus
1408 1938 1527 1973 fractis
1544 1938 1580 1973 in

169 2015 304 2049 genere,
324 2015 399 2049 cap.
416 2008 450 2044 7,
471 2002 661 2037 docuimus.
714 2002 772 2036 De
788 2001 843 2035 his
861 2001 1025 2036 tractabit
1043 2001 1196 2036 secunda
1214 2001 1457 2037 Arithmetieae
1474 2014 1565 2048 pars.

219 2132 446 2166 Partitionem
465 2131 608 2177 aequalis
626 2143 688 2177 per
707 2131 885 2177 aequalem‚
901 2131 937 2165 in
956 2131 1116 2166 omnibus
1130 2130 1392 2176 quantitatibus,
1414 2131 1581 2166 unitatem

167 2196 359 2242 producere
378 2196 536 2242 superius
554 2195 716 2230 diximus.
