1747 2620
201 215 239 242 54
647 213 711 243 DE
737 212 864 243 ARTE
891 211 1164 243 LOGISTICA.

251 319 344 353 Situs
380 325 441 359 est,
478 325 515 353 ut
549 320 613 353 sub
646 319 801 353 radicato
835 319 951 353 oblato
984 319 1062 352 duae
1096 319 1269 352 ducantur
1298 318 1398 352 lineae
1426 318 1611 364 pamlleke,

202 395 349 428 quarum
374 383 595 417 intervallum
621 382 665 416 sit
690 382 818 416 radicis
845 381 997 427 quaesitae
1023 394 1145 427 capax,
1175 381 1264 416 inter
1290 393 1386 427 quas,
1414 383 1478 416 sub
1503 382 1613 428 figura

200 448 327 482 radicis
355 448 517 488 dexffimfi,
548 446 704 493 signetur
732 452 926 492 punctum,
966 445 1093 481 abhinc
1123 451 1239 480 autem
1268 445 1514 486 sinistrorsum,
1546 447 1610 480 sub

199 513 349 546 secund-[1
371 514 506 557 quaque
529 511 641 557 figur-5„
664 523 727 557 pro
749 510 866 545 radice
888 510 1109 556 bipartiente,
1134 516 1168 544 et
1191 510 1255 544 sub
1278 509 1380 544 tertia
1396 512 1531 555 quaque
1548 523 1611 556 pro

199 576 428 622 tripartiente‚
458 581 492 610 et
519 576 583 609 sub
610 575 732 620 quinta
758 577 893 620 quaque
919 587 983 620 pro
1010 574 1319 620 quintupartiente,
1348 575 1419 614 δια,
1446 581 1609 609 notentur

196 647 335 685 puncta.

246 705 288 738 In
317 705 390 739 haec
418 711 557 751 puncta,
587 705 677 739 inter
707 703 815 739 lineas
844 704 967 750 posita,
999 704 1129 738 cadunt
1155 703 1276 749 figurae
1306 703 1451 749 singulae
1480 703 1607 738 radicis

195 770 357 815 quaesitae.

244 899 467 945 Operationis
486 905 602 933 autem
620 899 689 933 duo
707 904 787 933 sunt
804 904 987 944 praecepta.

243 964 412 1007 Primum,
441 970 479 998 ut
504 965 523 998 a
547 963 679 1010 figuris,
707 963 744 997 in
770 963 949 997 sinistrum
974 968 1142 1009 punctum
1168 962 1444 1002 terminantibus,
1468 963 1604 997 auferas

192 1029 386 1063 radicatum
403 1028 587 1075 propositae
605 1027 742 1074 speciei,
758 1027 794 1061 in
812 1027 930 1061 tabula
947 1027 1097 1061 secund-51
1113 1026 1273 1067 inventae,
1293 1028 1396 1072 quam
1413 1027 1603 1061 maximum

191 1094 327 1128 auferre
352 1093 491 1140 poteris,
523 1093 650 1128 notatis
678 1105 782 1138 supra
807 1091 974 1138 reliquiis,
1006 1098 1039 1126 et
1064 1091 1139 1126 loco
1164 1091 1268 1137 hujus
1294 1091 1456 1126 sinistimi
1483 1092 1603 1138 puncti

190 1165 339 1204 ponatur
357 1157 524 1204 assumpti
541 1157 689 1192 radicati
706 1158 820 1203 figura
837 1156 1014 1197 tabularis,
1033 1168 1096 1202 pro
1113 1155 1225 1202 prima
1241 1155 1369 1191 radicis
1386 1156 1507 1202 figura.

239 1223 447 1262 Secundum,
478 1228 526 1262 ut,
554 1222 645 1256 facta
670 1222 867 1267 conjectura
888 1233 931 1255 ex
953 1220 1074 1266 primis
1098 1220 1328 1266 supplementi
1346 1220 1509 1261 numeris,
1530 1233 1602 1256 suc-

190 1287 289 1320 cedat
312 1287 348 1320 in
372 1286 529 1332 sequenti
552 1292 691 1332 puncto,
716 1298 776 1320 seu
798 1285 941 1331 periodo
964 1285 1143 1331 ejusmodi,
1169 1297 1287 1319 recens
1310 1290 1344 1319 et
1365 1297 1455 1320 nova
1477 1286 1600 1332 figura,

189 1353 286 1396 cujus
308 1351 587 1397 supplementum
604 1350 789 1396 propositae
813 1349 949 1395 speciei,
976 1350 1078 1395 quani
1100 1349 1290 1383 maximum
1313 1349 1370 1390 sit,
1394 1362 1464 1384 non
1486 1356 1601 1385 tamen

187 1416 332 1450 excedat
361 1415 491 1461 figuras
525 1415 576 1449 iUi
611 1415 804 1461 superiores
834 1414 870 1448 in
900 1414 974 1460 ipsa
1002 1413 1066 1448 hac
1096 1414 1238 1460 periodo
1268 1414 1518 1456 terminantem
1559 1428 1600 1449 ex

187 1481 313 1526 quibus
348 1480 429 1514 inde
464 1479 741 1526 supplementum
776 1479 869 1513 idem
903 1478 1090 1518 auferatur,
1134 1478 1291 1523 reliquiis
1324 1490 1429 1524 supra
1461 1479 1599 1513 notatis.

189 1545 306 1590 Atque
337 1544 411 1578 haec
442 1544 593 1578 secunda
622 1543 777 1590 operatio
807 1543 917 1584 toties,
950 1556 1010 1577 seu
1040 1549 1090 1577 tot
1120 1543 1264 1583 vicibus,
1296 1548 1482 1589 repetatur,
1516 1550 1597 1589 quot

186 1614 371 1654 supersunt
395 1608 530 1654 periodi
555 1620 671 1643 vacuae
697 1620 815 1642 versus
842 1608 1024 1649 dextram;
1058 1613 1091 1641 et
1117 1607 1237 1653 figurae
1264 1607 1301 1641 in
1327 1607 1487 1653 periodos
1514 1608 1597 1642 inci-

185 1674 304 1707 dentes
322 1678 402 1707 sunt
419 1672 520 1707 radix
537 1672 692 1718 quaesita.

378 1737 438 1776 Ut,
459 1736 608 1782 exempli
625 1736 746 1782 gratia,
767 1736 811 1770 sit
834 1735 1050 1770 extrahenda
1071 1735 1172 1769 radix
1194 1735 1385 1781 bipartiens
1409 1736 1426 1770 ὲ
1449 1740 1567 1771 55225
1585 1750 1592 1770 :

329 1800 597 1835 Constituantur
614 1800 683 1834 situ
701 1813 769 1846 quo
786 1801 805 1833 a
822 1799 978 1846 margine
994 1815 1002 1842 3
1031 1800 1156 1834 deinde
1174 1799 1297 1845 primo,
1321 1800 1340 1833 a
1356 1804 1390 1841 5,
1415 1800 1594 1835 sinistimae

343 1906 434 1932 55225
501 1864 647 1910 periodi,
664 1864 761 1898 aufer
774 1864 964 1898 maximum
978 1863 1192 1909 duplicatum
1210 1863 1337 1898 tabulae
1354 1865 1447 1910 quod
1466 1865 1595 1899 auferri

337 1942 435 1959 -.-—.-.-
500 1927 618 1974 possit,
638 1927 769 1962 scilicet
786 1932 818 1968 4,
839 1934 873 1962 et
890 1933 997 1961 restat
1018 1931 1047 1967 1,
1069 1927 1190 1961 deletis
1208 1932 1229 1961 5
1249 1939 1355 1973 supra
1375 1934 1409 1962 et
1432 1933 1454 1963 4
1477 1929 1590 1971 infra;

500 1992 714 2038 quaternarii
727 1992 827 2026 radix
840 1992 1032 2038 bipartiens
1045 1991 1223 2032 tabularis,
1239 2004 1316 2037 quae
1330 1998 1381 2027 est
1394 1996 1427 2033 Q,
1443 2000 1592 2039 ponatur

337 2046 431 2100 5532?
498 2057 619 2104 primae
637 2056 771 2103 periodi
788 2057 864 2091 loco
880 2071 889 2099 ;
918 2060 940 2090 Q
958 2069 1039 2102 ergo
1057 2056 1221 2091 dicuntur
1237 2057 1436 2102 praecedens
1453 2058 1588 2103 figura3

341 2009 349 2033 ”
336 1961 434 1967 1

337 2093 353 2127 [θ’

497 2122 554 2157 cui
572 2122 758 2156 succedens
775 2128 826 2156 est
840 2121 1036 2166 quaerenda,
1050 2126 1084 2155 et
1095 2120 1133 2154 in
1147 2122 1297 2155 secunda
1309 2122 1452 2168 periodo
1466 2123 1589 2157 consti-

336 2147 354 2176 4
495 2187 634 2226 tuenda,
661 2187 757 2232 cujus
781 2186 1057 2232 supplementum
1082 2198 1149 2220 non
1172 2187 1316 2221 excedat
1339 2188 1589 2234 suprascriptas
