<?xml version="1.0" encoding="UTF-8"?>
<!DOCTYPE html PUBLIC "-//W3C//DTD XHTML 1.0 Transitional//EN"
    "http://www.w3.org/TR/xhtml1/DTD/xhtml1-transitional.dtd">
<html xmlns="http://www.w3.org/1999/xhtml" xml:lang="en" lang="en">
 <head>
  <title>
</title>
<meta http-equiv="Content-Type" content="text/html;charset=utf-8" />
  <meta name='ocr-system' content='tesseract 3.04.00' />
  <meta name='ocr-capabilities' content='ocr_page ocr_carea ocr_par ocr_line ocrx_word'/>
</head>
<body>
  <div class='ocr_page' id='page_1' title='image "./deartelogisticaj00bann_0122.png"; bbox 0 0 1747 2620; ppageno 0'>
   <div class='ocr_carea' id='block_1_1' title="bbox 177 230 1153 262">
    <p class='ocr_par' dir='ltr' id='par_1_1' title="bbox 177 230 1153 262">
     <span class='ocr_line' id='line_1_1' title="bbox 177 230 1153 262; baseline 0.003 -5"><span class='ocrx_word' id='word_1_1' title='bbox 177 234 196 257; x_wconf 74' lang='grc' dir='ltr'>-ι</span> <span class='ocrx_word' id='word_1_2' title='bbox 632 230 694 260; x_wconf 87' lang='lat' dir='ltr'>DE</span> <span class='ocrx_word' id='word_1_3' title='bbox 721 230 849 261; x_wconf 85' lang='lat' dir='ltr'><strong>ARTE</strong></span> <span class='ocrx_word' id='word_1_4' title='bbox 876 231 1153 262; x_wconf 90' lang='lat' dir='ltr'>LOGISTICA.</span> 
     </span>
    </p>
   </div>
   <div class='ocr_carea' id='block_1_2' title="bbox 232 335 1599 448">
    <p class='ocr_par' dir='ltr' id='par_1_2' title="bbox 232 335 1599 448">
     <span class='ocr_line' id='line_1_2' title="bbox 232 335 1084 373; baseline 0.002 -4"><span class='ocrx_word' id='word_1_5' title='bbox 232 335 319 370; x_wconf 85' lang='lat' dir='ltr'>Haec</span> <span class='ocrx_word' id='word_1_6' title='bbox 343 342 459 370; x_wconf 89' lang='lat' dir='ltr'>autem</span> <span class='ocrx_word' id='word_1_7' title='bbox 480 337 535 370; x_wconf 89' lang='lat' dir='ltr'>vel</span> <span class='ocrx_word' id='word_1_8' title='bbox 558 342 609 371; x_wconf 87' lang='lat' dir='ltr'>est</span> <span class='ocrx_word' id='word_1_9' title='bbox 633 337 767 371; x_wconf 89' lang='lat' dir='ltr'>additio</span> <span class='ocrx_word' id='word_1_10' title='bbox 788 338 842 371; x_wconf 86' lang='lat' dir='ltr'>vel</span> <span class='ocrx_word' id='word_1_11' title='bbox 864 338 1084 373; x_wconf 83' lang='lat' dir='ltr'>substractio.</span> 
     </span>
     <span class='ocr_line' id='line_1_3' title="bbox 233 400 1599 448; baseline 0.001 -14"><span class='ocrx_word' id='word_1_12' title='bbox 233 400 398 434; x_wconf 77' lang='lat' dir='ltr'>ADDITIO</span> <span class='ocrx_word' id='word_1_13' title='bbox 425 406 477 435; x_wconf 86' lang='lat' dir='ltr'>est</span> <span class='ocrx_word' id='word_1_14' title='bbox 504 401 718 447; x_wconf 84' lang='lat' dir='ltr'>computatio</span> <span class='ocrx_word' id='word_1_15' title='bbox 743 401 858 447; x_wconf 87' lang='lat' dir='ltr'>prima</span> <span class='ocrx_word' id='word_1_16' title='bbox 883 405 952 447; x_wconf 68' lang='lat' dir='ltr'>qua</span> <span class='ocrx_word' id='word_1_17' title='bbox 972 402 1089 448; x_wconf 89' lang='lat' dir='ltr'>plures</span> <span class='ocrx_word' id='word_1_18' title='bbox 1114 400 1327 447; x_wconf 82' lang='lat' dir='ltr'>quantitates</span> <span class='ocrx_word' id='word_1_19' title='bbox 1350 401 1539 441; x_wconf 87' lang='lat' dir='ltr'>adduntur,</span> <span class='ocrx_word' id='word_1_20' title='bbox 1566 408 1599 435; x_wconf 88' lang='lat' dir='ltr'>et</span> 
     </span>
    </p>
   </div>
   <div class='ocr_carea' id='block_1_3' title="bbox 180 464 1595 576">
    <p class='ocr_par' dir='ltr' id='par_1_3' title="bbox 180 464 1595 576">
     <span class='ocr_line' id='line_1_4' title="bbox 180 464 493 510; baseline 0.003 -12"><span class='ocrx_word' id='word_1_21' title='bbox 180 464 387 510; x_wconf 82' lang='lat' dir='ltr'>producitur</span> <span class='ocrx_word' id='word_1_22' title='bbox 411 471 493 499; x_wconf 86' lang='lat' dir='ltr'>tota.</span> 
     </span>
     <span class='ocr_line' id='line_1_5' title="bbox 374 530 1595 576; baseline 0.001 -13"><span class='ocrx_word' id='word_1_23' title='bbox 374 530 536 575; x_wconf 80' lang='lat' dir='ltr'>Exempli</span> <span class='ocrx_word' id='word_1_24' title='bbox 561 530 684 576; x_wconf 77' lang='lat' dir='ltr'>gratia,</span> <span class='ocrx_word' id='word_1_25' title='bbox 710 531 887 564; x_wconf 83' lang='lat' dir='ltr'>addantur</span> <span class='ocrx_word' id='word_1_26' title='bbox 905 534 927 565; x_wconf 82' lang='lat'><strong>3</strong></span> <span class='ocrx_word' id='word_1_27' title='bbox 946 536 980 565; x_wconf 87' lang='lat' dir='ltr'>et</span> <span class='ocrx_word' id='word_1_28' title='bbox 998 536 1031 571; x_wconf 78' lang='lat'>4,</span> <span class='ocrx_word' id='word_1_29' title='bbox 1057 536 1091 565; x_wconf 88' lang='lat' dir='ltr'>et</span> <span class='ocrx_word' id='word_1_30' title='bbox 1113 530 1353 576; x_wconf 86' lang='lat' dir='ltr'>producentur</span> <span class='ocrx_word' id='word_1_31' title='bbox 1373 535 1395 571; x_wconf 93' lang='lat'><strong>7</strong></span> <span class='ocrx_word' id='word_1_32' title='bbox 1414 542 1478 576; x_wconf 88' lang='lat' dir='ltr'>pro</span> <span class='ocrx_word' id='word_1_33' title='bbox 1500 532 1571 564; x_wconf 75' lang='lat' dir='ltr'>tota</span> <span class='ocrx_word' id='word_1_34' title='bbox 1587 545 1595 572; x_wconf 90' lang='lat'>;</span> 
     </span>
    </p>
   </div>
   <div class='ocr_carea' id='block_1_4' title="bbox 324 595 1343 641">
    <p class='ocr_par' dir='ltr' id='par_1_4' title="bbox 324 595 1343 641">
     <span class='ocr_line' id='line_1_6' title="bbox 324 595 1343 641; baseline 0 -12"><span class='ocrx_word' id='word_1_35' title='bbox 324 595 406 629; x_wconf 83' lang='lat' dir='ltr'>item</span> <span class='ocrx_word' id='word_1_36' title='bbox 425 595 602 629; x_wconf 87' lang='lat' dir='ltr'>addantur</span> <span class='ocrx_word' id='word_1_37' title='bbox 620 599 652 635; x_wconf 74' lang='lat' dir='ltr'>Q,</span> <span class='ocrx_word' id='word_1_38' title='bbox 673 598 706 635; x_wconf 84' lang='lat'>3,</span> <span class='ocrx_word' id='word_1_39' title='bbox 727 601 761 629; x_wconf 89' lang='lat' dir='ltr'>et</span> <span class='ocrx_word' id='word_1_40' title='bbox 778 599 811 635; x_wconf 78' lang='lat'>4,</span> <span class='ocrx_word' id='word_1_41' title='bbox 832 601 866 630; x_wconf 87' lang='lat' dir='ltr'>et</span> <span class='ocrx_word' id='word_1_42' title='bbox 883 596 1123 641; x_wconf 86' lang='lat' dir='ltr'>producentur</span> <span class='ocrx_word' id='word_1_43' title='bbox 1140 599 1162 634; x_wconf 87' lang='grc'><em>9</em></span> <span class='ocrx_word' id='word_1_44' title='bbox 1180 607 1244 641; x_wconf 90' lang='lat' dir='ltr'>pro</span> <span class='ocrx_word' id='word_1_45' title='bbox 1262 597 1343 629; x_wconf 64' lang='lat' dir='ltr'>tote.</span> 
     </span>
    </p>
   </div>
   <div class='ocr_carea' id='block_1_5' title="bbox 177 725 1597 961">
    <p class='ocr_par' dir='ltr' id='par_1_5' title="bbox 177 725 1597 836">
     <span class='ocr_line' id='line_1_7' title="bbox 227 725 1597 772; baseline 0.001 -14"><span class='ocrx_word' id='word_1_46' title='bbox 227 726 484 759; x_wconf 69' lang='lat' dir='ltr'>SUBSTRACTIO</span> <span class='ocrx_word' id='word_1_47' title='bbox 506 731 557 759; x_wconf 86' lang='lat' dir='ltr'>est</span> <span class='ocrx_word' id='word_1_48' title='bbox 581 726 795 772; x_wconf 84' lang='lat' dir='ltr'>computatio</span> <span class='ocrx_word' id='word_1_49' title='bbox 818 726 934 772; x_wconf 87' lang='lat' dir='ltr'>prima</span> <span class='ocrx_word' id='word_1_50' title='bbox 956 729 1024 772; x_wconf 63' lang='lat' dir='ltr'>qua</span> <span class='ocrx_word' id='word_1_51' title='bbox 1048 725 1343 761; x_wconf 87' lang='lat' dir='ltr'>substrahendum</span> <span class='ocrx_word' id='word_1_52' title='bbox 1368 726 1387 759; x_wconf 75' lang='lat' dir='ltr'>a</span> <span class='ocrx_word' id='word_1_53' title='bbox 1407 725 1597 760; x_wconf 90' lang='lat' dir='ltr'>minuendo</span> 
     </span>
     <span class='ocr_line' id='line_1_8' title="bbox 177 789 829 836; baseline 0.005 -14"><span class='ocrx_word' id='word_1_54' title='bbox 177 789 343 830; x_wconf 78' lang='lat' dir='ltr'>aufertur,</span> <span class='ocrx_word' id='word_1_55' title='bbox 363 795 398 824; x_wconf 85' lang='lat' dir='ltr'>et</span> <span class='ocrx_word' id='word_1_56' title='bbox 415 790 622 836; x_wconf 83' lang='lat' dir='ltr'>producitur</span> <span class='ocrx_word' id='word_1_57' title='bbox 639 791 829 825; x_wconf 83' lang='lat' dir='ltr'>residuum.</span> 
     </span>
    </p>

    <p class='ocr_par' dir='ltr' id='par_1_6' title="bbox 371 855 1596 895">
     <span class='ocr_line' id='line_1_9' title="bbox 371 855 1596 895; baseline 0.001 -7"><span class='ocrx_word' id='word_1_58' title='bbox 371 855 422 889; x_wconf 83' lang='lat' dir='ltr'>Ut</span> <span class='ocrx_word' id='word_1_59' title='bbox 440 855 630 890; x_wconf 88' lang='lat' dir='ltr'>auferendo</span> <span class='ocrx_word' id='word_1_60' title='bbox 648 860 670 890; x_wconf 72' lang='lat'>4&lt;</span> <span class='ocrx_word' id='word_1_61' title='bbox 688 857 707 889; x_wconf 73' lang='lat' dir='ltr'>a</span> <span class='ocrx_word' id='word_1_62' title='bbox 727 860 748 895; x_wconf 85' lang='grc'><strong>9</strong></span> <span class='ocrx_word' id='word_1_63' title='bbox 766 862 948 891; x_wconf 82' lang='lat' dir='ltr'>remanent</span> <span class='ocrx_word' id='word_1_64' title='bbox 965 861 998 891; x_wconf 85' lang='lat'>5.</span> <span class='ocrx_word' id='word_1_65' title='bbox 1051 857 1233 891; x_wconf 85' lang='lat' dir='ltr'>Dicuntur</span> <span class='ocrx_word' id='word_1_66' title='bbox 1255 862 1371 891; x_wconf 90' lang='lat' dir='ltr'>autem</span> <span class='ocrx_word' id='word_1_67' title='bbox 1395 860 1417 890; x_wconf 69' lang='lat'>4</span> <span class='ocrx_word' id='word_1_68' title='bbox 1441 856 1596 890; x_wconf 88' lang='lat' dir='ltr'>auferen-</span> 
     </span>
    </p>

    <p class='ocr_par' dir='ltr' id='par_1_7' title="bbox 321 920 1595 961">
     <span class='ocr_line' id='line_1_10' title="bbox 321 920 1595 961; baseline 0.001 -8"><span class='ocrx_word' id='word_1_69' title='bbox 321 920 417 960; x_wconf 91' lang='lat' dir='ltr'>dum,</span> <span class='ocrx_word' id='word_1_70' title='bbox 442 925 463 958; x_wconf 76' lang='grc'><em>9</em></span> <span class='ocrx_word' id='word_1_71' title='bbox 481 920 721 961; x_wconf 87' lang='lat' dir='ltr'>minuendum,</span> <span class='ocrx_word' id='word_1_72' title='bbox 746 927 779 955; x_wconf 88' lang='lat' dir='ltr'>et</span> <span class='ocrx_word' id='word_1_73' title='bbox 797 926 818 955; x_wconf 93' lang='lat'><em>5</em></span> <span class='ocrx_word' id='word_1_74' title='bbox 837 921 1027 956; x_wconf 87' lang='lat' dir='ltr'>residuum.</span> <span class='ocrx_word' id='word_1_75' title='bbox 1081 921 1137 956; x_wconf 87' lang='lat' dir='ltr'>Sic</span> <span class='ocrx_word' id='word_1_76' title='bbox 1155 921 1281 956; x_wconf 76' lang='lat' dir='ltr'>ablatis</span> <span class='ocrx_word' id='word_1_77' title='bbox 1298 924 1321 955; x_wconf 85' lang='lat'><strong>3</strong></span> <span class='ocrx_word' id='word_1_78' title='bbox 1339 922 1357 954; x_wconf 70' lang='lat' dir='ltr'>a</span> <span class='ocrx_word' id='word_1_79' title='bbox 1375 926 1396 955; x_wconf 98' lang='lat'><em>5</em></span> <span class='ocrx_word' id='word_1_80' title='bbox 1415 927 1595 956; x_wconf 82' lang='lat' dir='ltr'>remanent</span> 
     </span>
    </p>
   </div>
   <div class='ocr_carea' id='block_1_6' title="bbox 320 985 741 1030">
    <p class='ocr_par' dir='ltr' id='par_1_8' title="bbox 320 985 741 1030">
     <span class='ocr_line' id='line_1_11' title="bbox 320 985 741 1030; baseline 0.005 -12"><span class='ocrx_word' id='word_1_81' title='bbox 320 997 383 1030; x_wconf 86' lang='lat' dir='ltr'>per</span> <span class='ocrx_word' id='word_1_82' title='bbox 401 985 690 1020; x_wconf 80' lang='lat' dir='ltr'>substractionem</span> <span class='ocrx_word' id='word_1_83' title='bbox 709 990 741 1020; x_wconf 69' lang='lat' dir='ltr'>Q.</span> 
     </span>
    </p>
   </div>
   <div class='ocr_carea' id='block_1_7' title="bbox 173 1115 1595 1488">
    <p class='ocr_par' dir='ltr' id='par_1_9' title="bbox 173 1115 1595 1488">
     <span class='ocr_line' id='line_1_12' title="bbox 225 1115 1484 1163; baseline 0.002 -15"><span class='ocrx_word' id='word_1_84' title='bbox 225 1115 441 1150; x_wconf 80' lang='lat' dir='ltr'>Substractio</span> <span class='ocrx_word' id='word_1_85' title='bbox 459 1123 518 1150; x_wconf 87' lang='lat' dir='ltr'>aut</span> <span class='ocrx_word' id='word_1_86' title='bbox 537 1122 589 1150; x_wconf 89' lang='lat' dir='ltr'>est</span> <span class='ocrx_word' id='word_1_87' title='bbox 607 1117 804 1162; x_wconf 77' lang='lat' dir='ltr'>aequafium‚</span> <span class='ocrx_word' id='word_1_88' title='bbox 825 1124 858 1151; x_wconf 88' lang='lat' dir='ltr'>et</span> <span class='ocrx_word' id='word_1_89' title='bbox 875 1117 965 1151; x_wconf 88' lang='lat' dir='ltr'>nihil</span> <span class='ocrx_word' id='word_1_90' title='bbox 983 1124 1149 1158; x_wconf 86' lang='lat' dir='ltr'>remanet,</span> <span class='ocrx_word' id='word_1_91' title='bbox 1170 1124 1229 1152; x_wconf 88' lang='lat' dir='ltr'>aut</span> <span class='ocrx_word' id='word_1_92' title='bbox 1247 1117 1484 1163; x_wconf 70' lang='lat' dir='ltr'>inaequalium.</span> 
     </span>
     <span class='ocr_line' id='line_1_13' title="bbox 226 1180 1595 1228; baseline 0.002 -15"><span class='ocrx_word' id='word_1_93' title='bbox 226 1180 457 1225; x_wconf 71' lang='lat' dir='ltr'>lnaequalium</span> <span class='ocrx_word' id='word_1_94' title='bbox 486 1182 568 1215; x_wconf 69' lang='lat' dir='ltr'>vero</span> <span class='ocrx_word' id='word_1_95' title='bbox 596 1187 647 1216; x_wconf 89' lang='lat' dir='ltr'>est</span> <span class='ocrx_word' id='word_1_96' title='bbox 676 1187 735 1216; x_wconf 88' lang='lat' dir='ltr'>aut</span> <span class='ocrx_word' id='word_1_97' title='bbox 763 1182 969 1227; x_wconf 82' lang='lat' dir='ltr'>quantitatis</span> <span class='ocrx_word' id='word_1_98' title='bbox 997 1182 1142 1216; x_wconf 88' lang='lat' dir='ltr'>minoris</span> <span class='ocrx_word' id='word_1_99' title='bbox 1170 1183 1190 1216; x_wconf 69' lang='lat' dir='ltr'>a</span> <span class='ocrx_word' id='word_1_100' title='bbox 1211 1183 1353 1228; x_wconf 85' lang='lat' dir='ltr'>majore,</span> <span class='ocrx_word' id='word_1_101' title='bbox 1380 1188 1415 1216; x_wconf 90' lang='lat' dir='ltr'>et</span> <span class='ocrx_word' id='word_1_102' title='bbox 1438 1188 1595 1216; x_wconf 82' lang='lat' dir='ltr'>remanet</span> 
     </span>
     <span class='ocr_line' id='line_1_14' title="bbox 174 1245 1594 1293; baseline 0.001 -15"><span class='ocrx_word' id='word_1_103' title='bbox 174 1257 266 1289; x_wconf 85' lang='lat' dir='ltr'>quan</span> <span class='ocrx_word' id='word_1_104' title='bbox 274 1245 352 1279; x_wconf 76' lang='lat' dir='ltr'>titas</span> <span class='ocrx_word' id='word_1_105' title='bbox 370 1246 482 1292; x_wconf 84' lang='lat' dir='ltr'>major</span> <span class='ocrx_word' id='word_1_106' title='bbox 499 1246 620 1286; x_wconf 92' lang='lat' dir='ltr'>nihilo,</span> <span class='ocrx_word' id='word_1_107' title='bbox 638 1253 699 1281; x_wconf 91' lang='lat' dir='ltr'>aut</span> <span class='ocrx_word' id='word_1_108' title='bbox 713 1247 919 1292; x_wconf 82' lang='lat' dir='ltr'>quantitatis</span> <span class='ocrx_word' id='word_1_109' title='bbox 934 1247 1075 1293; x_wconf 87' lang='lat' dir='ltr'>majoris</span> <span class='ocrx_word' id='word_1_110' title='bbox 1090 1248 1107 1280; x_wconf 67' lang='grc' dir='ltr'>ἐι</span> <span class='ocrx_word' id='word_1_111' title='bbox 1126 1247 1270 1287; x_wconf 85' lang='lat' dir='ltr'>minore,</span> <span class='ocrx_word' id='word_1_112' title='bbox 1287 1253 1321 1282; x_wconf 90' lang='lat' dir='ltr'>et</span> <span class='ocrx_word' id='word_1_113' title='bbox 1335 1246 1514 1281; x_wconf 86' lang='lat' dir='ltr'>residuum</span> <span class='ocrx_word' id='word_1_114' title='bbox 1528 1247 1594 1281; x_wconf 89' lang='lat' dir='ltr'>erit</span> 
     </span>
     <span class='ocr_line' id='line_1_15' title="bbox 173 1309 428 1344; baseline 0.008 -2"><span class='ocrx_word' id='word_1_115' title='bbox 173 1309 288 1343; x_wconf 88' lang='lat' dir='ltr'>minus</span> <span class='ocrx_word' id='word_1_116' title='bbox 307 1310 428 1344; x_wconf 87' lang='lat' dir='ltr'>nihilo.</span> 
     </span>
     <span class='ocr_line' id='line_1_16' title="bbox 369 1375 1592 1420; baseline 0.002 -11"><span class='ocrx_word' id='word_1_117' title='bbox 369 1375 419 1410; x_wconf 89' lang='lat' dir='ltr'>Ut</span> <span class='ocrx_word' id='word_1_118' title='bbox 443 1376 648 1411; x_wconf 88' lang='lat' dir='ltr'>substractis</span> <span class='ocrx_word' id='word_1_119' title='bbox 669 1382 690 1411; x_wconf 89' lang='grc'><strong><em>5</em></strong></span> <span class='ocrx_word' id='word_1_120' title='bbox 714 1390 757 1412; x_wconf 77' lang='lat' dir='ltr'>ex</span> <span class='ocrx_word' id='word_1_121' title='bbox 780 1383 801 1412; x_wconf 85' lang='lat'><em>5</em></span> <span class='ocrx_word' id='word_1_122' title='bbox 824 1384 980 1412; x_wconf 88' lang='lat' dir='ltr'>remanet</span> <span class='ocrx_word' id='word_1_123' title='bbox 1000 1377 1115 1420; x_wconf 67' lang='lat' dir='ltr'>nihil,</span> <span class='ocrx_word' id='word_1_124' title='bbox 1145 1377 1349 1412; x_wconf 84' lang='lat' dir='ltr'>substractis</span> <span class='ocrx_word' id='word_1_125' title='bbox 1367 1380 1389 1411; x_wconf 79' lang='lat'><strong>3</strong></span> <span class='ocrx_word' id='word_1_126' title='bbox 1407 1378 1426 1410; x_wconf 74' lang='lat' dir='ltr'>a</span> <span class='ocrx_word' id='word_1_127' title='bbox 1443 1382 1464 1411; x_wconf 89' lang='grc'><strong><em>5</em></strong></span> <span class='ocrx_word' id='word_1_128' title='bbox 1483 1390 1592 1411; x_wconf 63' lang='lat' dir='ltr'>remae</span> 
     </span>
     <span class='ocr_line' id='line_1_17' title="bbox 318 1442 1591 1488; baseline 0.002 -15"><span class='ocrx_word' id='word_1_129' title='bbox 318 1446 403 1474; x_wconf 88' lang='lat' dir='ltr'>nent</span> <span class='ocrx_word' id='word_1_130' title='bbox 427 1444 460 1481; x_wconf 77' lang='lat' dir='ltr'>Q,</span> <span class='ocrx_word' id='word_1_131' title='bbox 486 1442 635 1488; x_wconf 88' lang='lat' dir='ltr'>majores</span> <span class='ocrx_word' id='word_1_132' title='bbox 660 1442 801 1488; x_wconf 85' lang='lat' dir='ltr'>quidem</span> <span class='ocrx_word' id='word_1_133' title='bbox 823 1443 959 1485; x_wconf 73' lang='lat' dir='ltr'>nihilo,</span> <span class='ocrx_word' id='word_1_134' title='bbox 993 1442 1196 1477; x_wconf 87' lang='lat' dir='ltr'>substractis</span> <span class='ocrx_word' id='word_1_135' title='bbox 1219 1448 1335 1477; x_wconf 89' lang='lat' dir='ltr'>autem</span> <span class='ocrx_word' id='word_1_136' title='bbox 1357 1447 1379 1483; x_wconf 91' lang='lat'><strong>7</strong></span> <span class='ocrx_word' id='word_1_137' title='bbox 1404 1443 1423 1475; x_wconf 68' lang='lat' dir='ltr'>a</span> <span class='ocrx_word' id='word_1_138' title='bbox 1445 1447 1466 1475; x_wconf 90' lang='lat'><em>5</em></span> <span class='ocrx_word' id='word_1_139' title='bbox 1489 1442 1591 1476; x_wconf 88' lang='lat' dir='ltr'>relin-</span> 
     </span>
    </p>
   </div>
   <div class='ocr_carea' id='block_1_8' title="bbox 317 1506 1362 1550">
    <p class='ocr_par' dir='ltr' id='par_1_10' title="bbox 317 1506 1362 1550">
     <span class='ocr_line' id='line_1_18' title="bbox 317 1506 1362 1550; baseline 0.003 -11"><span class='ocrx_word' id='word_1_140' title='bbox 317 1511 469 1550; x_wconf 84' lang='lat' dir='ltr'>quentur</span> <span class='ocrx_word' id='word_1_141' title='bbox 487 1510 510 1540; x_wconf 72' lang='lat' dir='ltr'><strong><em>Q</em></strong></span> <span class='ocrx_word' id='word_1_142' title='bbox 527 1506 679 1542; x_wconf 82' lang='lat' dir='ltr'>minores</span> <span class='ocrx_word' id='word_1_143' title='bbox 696 1508 818 1549; x_wconf 87' lang='lat' dir='ltr'>nihilo,</span> <span class='ocrx_word' id='word_1_144' title='bbox 839 1521 899 1543; x_wconf 84' lang='lat' dir='ltr'>seu</span> <span class='ocrx_word' id='word_1_145' title='bbox 915 1508 1006 1542; x_wconf 90' lang='lat' dir='ltr'>nihil</span> <span class='ocrx_word' id='word_1_146' title='bbox 1022 1508 1196 1542; x_wconf 87' lang='lat' dir='ltr'>minutum</span> <span class='ocrx_word' id='word_1_147' title='bbox 1215 1508 1362 1542; x_wconf 89' lang='lat' dir='ltr'>duobus.</span> 
     </span>
    </p>
   </div>
   <div class='ocr_carea' id='block_1_9' title="bbox 171 1634 1591 2266">
    <p class='ocr_par' dir='ltr' id='par_1_11' title="bbox 172 1634 1591 1748">
     <span class='ocr_line' id='line_1_19' title="bbox 222 1634 1591 1683; baseline 0.003 -16"><span class='ocrx_word' id='word_1_148' title='bbox 222 1634 275 1667; x_wconf 81' lang='lat' dir='ltr'>Ex</span> <span class='ocrx_word' id='word_1_149' title='bbox 300 1634 354 1668; x_wconf 91' lang='lat' dir='ltr'>his</span> <span class='ocrx_word' id='word_1_150' title='bbox 377 1647 460 1681; x_wconf 74' lang='lat' dir='ltr'>ergo</span> <span class='ocrx_word' id='word_1_151' title='bbox 481 1643 618 1670; x_wconf 87' lang='lat' dir='ltr'>constat</span> <span class='ocrx_word' id='word_1_152' title='bbox 642 1637 829 1671; x_wconf 74' lang='lat' dir='ltr'>defectivas</span> <span class='ocrx_word' id='word_1_153' title='bbox 850 1638 1063 1683; x_wconf 81' lang='lat' dir='ltr'>quantitates</span> <span class='ocrx_word' id='word_1_154' title='bbox 1080 1637 1163 1672; x_wconf 88' lang='lat' dir='ltr'>hinc</span> <span class='ocrx_word' id='word_1_155' title='bbox 1181 1638 1352 1683; x_wconf 74' lang='lat' dir='ltr'>originem</span> <span class='ocrx_word' id='word_1_156' title='bbox 1374 1637 1523 1677; x_wconf 86' lang='lat' dir='ltr'>trahere,</span> <span class='ocrx_word' id='word_1_157' title='bbox 1549 1649 1591 1671; x_wconf 84' lang='lat' dir='ltr'>ex</span> 
     </span>
     <span class='ocr_line' id='line_1_20' title="bbox 172 1699 1536 1748; baseline 0.003 -17"><span class='ocrx_word' id='word_1_158' title='bbox 172 1699 425 1734; x_wconf 80' lang='lat' dir='ltr'>substractione</span> <span class='ocrx_word' id='word_1_159' title='bbox 443 1699 609 1734; x_wconf 88' lang='lat' dir='ltr'>nimirum</span> <span class='ocrx_word' id='word_1_160' title='bbox 628 1702 769 1748; x_wconf 85' lang='lat' dir='ltr'>majoris</span> <span class='ocrx_word' id='word_1_161' title='bbox 788 1703 806 1736; x_wconf 66' lang='grc' dir='ltr'>ξι</span> <span class='ocrx_word' id='word_1_162' title='bbox 823 1702 957 1737; x_wconf 90' lang='lat' dir='ltr'>minore</span> <span class='ocrx_word' id='word_1_163' title='bbox 973 1716 981 1737; x_wconf 80' lang='lat' dir='ltr'>z</span> <span class='ocrx_word' id='word_1_164' title='bbox 1010 1702 1068 1737; x_wconf 89' lang='lat' dir='ltr'>De</span> <span class='ocrx_word' id='word_1_165' title='bbox 1087 1702 1214 1748; x_wconf 86' lang='lat' dir='ltr'>quibus</span> <span class='ocrx_word' id='word_1_166' title='bbox 1232 1715 1294 1736; x_wconf 93' lang='lat' dir='ltr'>suo</span> <span class='ocrx_word' id='word_1_167' title='bbox 1311 1702 1386 1736; x_wconf 87' lang='lat' dir='ltr'>loco</span> <span class='ocrx_word' id='word_1_168' title='bbox 1404 1707 1536 1748; x_wconf 83' lang='lat' dir='ltr'>agetur.</span> 
     </span>
    </p>

    <p class='ocr_par' dir='ltr' id='par_1_12' title="bbox 171 1763 1586 1873">
     <span class='ocr_line' id='line_1_21' title="bbox 221 1763 1586 1808; baseline 0.003 -12"><span class='ocrx_word' id='word_1_169' title='bbox 221 1763 273 1796; x_wconf 82' lang='lat' dir='ltr'>Ex</span> <span class='ocrx_word' id='word_1_170' title='bbox 300 1764 487 1808; x_wconf 58' lang='lat' dir='ltr'>praemissis</span> <span class='ocrx_word' id='word_1_171' title='bbox 512 1765 645 1799; x_wconf 81' lang='lat' dir='ltr'>clarum</span> <span class='ocrx_word' id='word_1_172' title='bbox 670 1772 720 1800; x_wconf 88' lang='lat' dir='ltr'>est</span> <span class='ocrx_word' id='word_1_173' title='bbox 745 1766 961 1802; x_wconf 88' lang='lat' dir='ltr'>additionem</span> <span class='ocrx_word' id='word_1_174' title='bbox 985 1773 1019 1801; x_wconf 87' lang='lat' dir='ltr'>et</span> <span class='ocrx_word' id='word_1_175' title='bbox 1043 1766 1334 1801; x_wconf 85' lang='lat' dir='ltr'>substractionem</span> <span class='ocrx_word' id='word_1_176' title='bbox 1354 1766 1465 1802; x_wconf 85' lang='lat' dir='ltr'>relata</span> <span class='ocrx_word' id='word_1_177' title='bbox 1488 1779 1586 1808; x_wconf 85' lang='lat' dir='ltr'>esse·‚</span> 
     </span>
     <span class='ocr_line' id='line_1_22' title="bbox 171 1827 875 1873; baseline 0.007 -12"><span class='ocrx_word' id='word_1_178' title='bbox 171 1834 276 1873; x_wconf 87' lang='lat' dir='ltr'>atque</span> <span class='ocrx_word' id='word_1_179' title='bbox 294 1827 373 1863; x_wconf 84' lang='lat' dir='ltr'>ideo</span> <span class='ocrx_word' id='word_1_180' title='bbox 393 1829 540 1863; x_wconf 88' lang='lat' dir='ltr'>alteram</span> <span class='ocrx_word' id='word_1_181' title='bbox 558 1830 701 1865; x_wconf 84' lang='lat' dir='ltr'>alterius</span> <span class='ocrx_word' id='word_1_182' title='bbox 719 1844 875 1866; x_wconf 82' lang='lat' dir='ltr'>examen.</span> 
     </span>
    </p>

    <p class='ocr_par' dir='ltr' id='par_1_13' title="bbox 171 1892 1589 2004">
     <span class='ocr_line' id='line_1_23' title="bbox 221 1892 1589 1942; baseline 0.002 -16"><span class='ocrx_word' id='word_1_183' title='bbox 221 1892 395 1927; x_wconf 80' lang='lat' dir='ltr'>Examina</span> <span class='ocrx_word' id='word_1_184' title='bbox 412 1894 504 1928; x_wconf 85' lang='lat' dir='ltr'>enim</span> <span class='ocrx_word' id='word_1_185' title='bbox 523 1895 708 1929; x_wconf 88' lang='lat' dir='ltr'>definimus</span> <span class='ocrx_word' id='word_1_186' title='bbox 730 1908 771 1930; x_wconf 89' lang='lat' dir='ltr'>ea</span> <span class='ocrx_word' id='word_1_187' title='bbox 792 1897 1033 1930; x_wconf 86' lang='lat' dir='ltr'>tantummodo</span> <span class='ocrx_word' id='word_1_188' title='bbox 1050 1909 1128 1942; x_wconf 83' lang='lat' dir='ltr'>quae</span> <span class='ocrx_word' id='word_1_189' title='bbox 1146 1902 1220 1930; x_wconf 91' lang='lat' dir='ltr'>tum</span> <span class='ocrx_word' id='word_1_190' title='bbox 1237 1896 1398 1930; x_wconf 89' lang='lat' dir='ltr'>omnibus</span> <span class='ocrx_word' id='word_1_191' title='bbox 1417 1902 1490 1931; x_wconf 89' lang='lat' dir='ltr'>tum</span> <span class='ocrx_word' id='word_1_192' title='bbox 1509 1896 1589 1930; x_wconf 83' lang='lat' dir='ltr'>solis</span> 
     </span>
     <span class='ocr_line' id='line_1_24' title="bbox 171 1959 730 2004; baseline 0.007 -14"><span class='ocrx_word' id='word_1_193' title='bbox 171 1964 263 1991; x_wconf 88' lang='lat' dir='ltr'>recte</span> <span class='ocrx_word' id='word_1_194' title='bbox 282 1959 491 2004; x_wconf 85' lang='lat' dir='ltr'>computatis</span> <span class='ocrx_word' id='word_1_195' title='bbox 509 1960 730 1995; x_wconf 78' lang='lat' dir='ltr'>conveniunt.</span> 
     </span>
    </p>

    <p class='ocr_par' dir='ltr' id='par_1_14' title="bbox 314 2023 1588 2266">
     <span class='ocr_line' id='line_1_25' title="bbox 365 2023 1588 2071; baseline 0.002 -13"><span class='ocrx_word' id='word_1_196' title='bbox 365 2023 416 2058; x_wconf 88' lang='lat' dir='ltr'>Ut</span> <span class='ocrx_word' id='word_1_197' title='bbox 433 2037 548 2070; x_wconf 86' lang='lat' dir='ltr'>supra,</span> <span class='ocrx_word' id='word_1_198' title='bbox 569 2037 632 2071; x_wconf 88' lang='lat' dir='ltr'>pro</span> <span class='ocrx_word' id='word_1_199' title='bbox 650 2026 808 2060; x_wconf 83' lang='lat' dir='ltr'>examine</span> <span class='ocrx_word' id='word_1_200' title='bbox 827 2026 1101 2067; x_wconf 86' lang='lat' dir='ltr'>substractionis,</span> <span class='ocrx_word' id='word_1_201' title='bbox 1122 2038 1166 2060; x_wconf 88' lang='lat' dir='ltr'>an</span> <span class='ocrx_word' id='word_1_202' title='bbox 1184 2029 1206 2060; x_wconf 83' lang='lat'><em>3</em></span> <span class='ocrx_word' id='word_1_203' title='bbox 1225 2027 1422 2061; x_wconf 87' lang='lat' dir='ltr'>substracta</span> <span class='ocrx_word' id='word_1_204' title='bbox 1438 2038 1481 2060; x_wconf 78' lang='lat' dir='ltr'>ex</span> <span class='ocrx_word' id='word_1_205' title='bbox 1498 2031 1519 2060; x_wconf 92' lang='lat'><em>5</em></span> <span class='ocrx_word' id='word_1_206' title='bbox 1538 2038 1588 2060; x_wconf 89' lang='lat' dir='ltr'>re-</span> 
     </span>
     <span class='ocr_line' id='line_1_26' title="bbox 317 2088 1588 2137; baseline 0.002 -15"><span class='ocrx_word' id='word_1_207' title='bbox 317 2088 479 2134; x_wconf 85' lang='lat' dir='ltr'>linquant</span> <span class='ocrx_word' id='word_1_208' title='bbox 497 2093 529 2130; x_wconf 70' lang='lat' dir='ltr'>Q,</span> <span class='ocrx_word' id='word_1_209' title='bbox 554 2090 643 2124; x_wconf 90' lang='lat' dir='ltr'>adde</span> <span class='ocrx_word' id='word_1_210' title='bbox 662 2094 684 2124; x_wconf 70' lang='lat' dir='ltr'><strong><em>Q</em></strong></span> <span class='ocrx_word' id='word_1_211' title='bbox 701 2096 736 2125; x_wconf 90' lang='lat' dir='ltr'>et</span> <span class='ocrx_word' id='word_1_212' title='bbox 753 2094 775 2125; x_wconf 80' lang='lat'><em>3</em></span> <span class='ocrx_word' id='word_1_213' title='bbox 793 2097 827 2125; x_wconf 84' lang='lat' dir='ltr'>et</span> <span class='ocrx_word' id='word_1_214' title='bbox 845 2091 1029 2126; x_wconf 85' lang='lat' dir='ltr'>restituent</span> <span class='ocrx_word' id='word_1_215' title='bbox 1046 2096 1080 2125; x_wconf 93' lang='lat'>5.</span> <span class='ocrx_word' id='word_1_216' title='bbox 1133 2091 1179 2125; x_wconf 89' lang='lat' dir='ltr'>Et</span> <span class='ocrx_word' id='word_1_217' title='bbox 1197 2097 1329 2131; x_wconf 87' lang='lat' dir='ltr'>contra,</span> <span class='ocrx_word' id='word_1_218' title='bbox 1348 2103 1412 2137; x_wconf 85' lang='lat' dir='ltr'>pro</span> <span class='ocrx_word' id='word_1_219' title='bbox 1429 2091 1588 2125; x_wconf 83' lang='lat' dir='ltr'>examine</span> 
     </span>
     <span class='ocr_line' id='line_1_27' title="bbox 317 2153 1588 2202; baseline 0.002 -15"><span class='ocrx_word' id='word_1_220' title='bbox 317 2153 517 2195; x_wconf 85' lang='lat' dir='ltr'>additionis,</span> <span class='ocrx_word' id='word_1_221' title='bbox 541 2167 585 2189; x_wconf 85' lang='lat' dir='ltr'>an</span> <span class='ocrx_word' id='word_1_222' title='bbox 604 2159 626 2189; x_wconf 67' lang='lat'>,⁶2</span> <span class='ocrx_word' id='word_1_223' title='bbox 645 2162 679 2190; x_wconf 92' lang='lat' dir='ltr'>et</span> <span class='ocrx_word' id='word_1_224' title='bbox 696 2159 719 2190; x_wconf 83' lang='lat'><em>3</em></span> <span class='ocrx_word' id='word_1_225' title='bbox 737 2156 867 2190; x_wconf 89' lang='lat' dir='ltr'>faciant</span> <span class='ocrx_word' id='word_1_226' title='bbox 885 2161 917 2197; x_wconf 89' lang='lat'>5,</span> <span class='ocrx_word' id='word_1_227' title='bbox 942 2155 1125 2191; x_wconf 89' lang='lat' dir='ltr'>substrahe</span> <span class='ocrx_word' id='word_1_228' title='bbox 1142 2159 1164 2190; x_wconf 83' lang='lat'><strong>3</strong></span> <span class='ocrx_word' id='word_1_229' title='bbox 1183 2168 1225 2190; x_wconf 82' lang='lat' dir='ltr'>ex</span> <span class='ocrx_word' id='word_1_230' title='bbox 1245 2161 1278 2197; x_wconf 87' lang='lat'>5,</span> <span class='ocrx_word' id='word_1_231' title='bbox 1302 2162 1336 2190; x_wconf 93' lang='lat' dir='ltr'>et</span> <span class='ocrx_word' id='word_1_232' title='bbox 1356 2155 1547 2202; x_wconf 87' lang='lat' dir='ltr'>prodibunt</span> <span class='ocrx_word' id='word_1_233' title='bbox 1566 2160 1588 2189; x_wconf 69' lang='lat'>‘2</span> 
     </span>
     <span class='ocr_line' id='line_1_28' title="bbox 314 2218 1548 2266; baseline 0.002 -14"><span class='ocrx_word' id='word_1_234' title='bbox 314 2218 500 2262; x_wconf 78' lang='lat' dir='ltr'>restituta3</span> <span class='ocrx_word' id='word_1_235' title='bbox 531 2219 583 2254; x_wconf 79' lang='lat' dir='ltr'>vel</span> <span class='ocrx_word' id='word_1_236' title='bbox 603 2220 714 2261; x_wconf 85' lang='lat' dir='ltr'>aliter,</span> <span class='ocrx_word' id='word_1_237' title='bbox 730 2220 913 2255; x_wconf 79' lang='lat' dir='ltr'>substrahe</span> <span class='ocrx_word' id='word_1_238' title='bbox 932 2224 954 2254; x_wconf 71' lang='lat' dir='ltr'><strong><em>Q</em></strong></span> <span class='ocrx_word' id='word_1_239' title='bbox 972 2233 1014 2255; x_wconf 84' lang='lat' dir='ltr'>ex</span> <span class='ocrx_word' id='word_1_240' title='bbox 1031 2225 1064 2261; x_wconf 89' lang='lat'>5,</span> <span class='ocrx_word' id='word_1_241' title='bbox 1086 2226 1119 2255; x_wconf 88' lang='lat' dir='ltr'>et</span> <span class='ocrx_word' id='word_1_242' title='bbox 1136 2220 1327 2266; x_wconf 87' lang='lat' dir='ltr'>prodibunt</span> <span class='ocrx_word' id='word_1_243' title='bbox 1346 2223 1368 2254; x_wconf 80' lang='lat'>3</span> <span class='ocrx_word' id='word_1_244' title='bbox 1386 2226 1423 2254; x_wconf 94' lang='lat' dir='ltr'>ut</span> <span class='ocrx_word' id='word_1_245' title='bbox 1440 2220 1548 2266; x_wconf 84' lang='lat' dir='ltr'>prius.</span> 
     </span>
    </p>
   </div>
  </div>
 </body>
</html>
