1747 2620
133 236 172 265 66

574 233 638 263 DE
666 232 792 263 ARTE
818 230 1096 262 LOGISTICA.

282 340 481 386 partiantur
503 345 560 380 50,
587 346 621 374 et
643 344 676 379 5,
701 350 763 384 per
786 342 818 377 5,
843 342 878 370 ot
899 336 984 370 fient
1007 335 1165 382 superius
1191 340 1244 376 10,
1268 335 1413 369 inferius
1435 340 1463 375 1,
1488 334 1552 368 hoc

283 404 363 444 situ,
378 405 611 459 ἴ-ῗέθέ-ὶ,
639 401 765 436 deinde
778 400 978 447 partiantur
994 404 1038 434 10
1051 399 1240 446 superiora,
1261 405 1294 434 et
1313 403 1360 433 ⁶24
1376 399 1551 437 inferiora,

283 482 344 515 per
370 453 686 503 suum“maximum
712 477 930 500 communem
957 464 1142 499 divisorem
1169 468 1201 505 2,
1230 470 1263 499 et
1286 464 1370 498 fient
1392 468 1413 497 5
1438 475 1552 508 supra,

283 539 317 567 et
341 537 384 567 12
402 532 503 572 infra,
524 531 589 565 hoc
607 531 686 570 situ,
716 530 947 584 i-i'ss'z‘AE3
975 529 1126 569 tandem,
1152 528 1351 575 partiantur
1377 527 1555 574 superiora

291 602 341 637 12,
374 603 408 631 et
436 596 603 631 inferiora
633 599 686 635 12,
716 606 778 640 per
804 594 994 628 eorundem
1020 593 1212 628 maximum
1239 593 1425 627 divisorem
1456 592 1488 632 6,
1522 598 1554 626 et

285 662 369 696 fient
395 667 416 703 7
445 661 615 707 superius,
644 665 678 694 et
704 663 726 693 Q
752 658 908 699 inferius,
936 658 1002 693 hoc
1028 658 1107 699 situ,
1142 659 1314 713 }··‘1⁵·{J7.
1367 658 1457 692 Ecce
1482 657 1555 703 jam

285 727 392 762 habes
415 726 603 761 familiares
626 730 660 759 et
683 723 882 758 tractabiles
900 735 1061 758 numeros
1084 727 1112 764 l,
1132 726 1165 763 3,
1185 728 1218 763 5,
1238 728 1271 764 7,
1292 728 1396 768 atque
1417 726 1447 763 1,
1471 726 1500 761 1,
1521 725 1553 760 Q,

285 790 433 826 invicem
450 789 743 836 multiplicandos,
763 800 827 834 pro
843 787 1044 833 majusculis
1061 787 1215 821 numeris
1232 787 1367 822 oblatis.
1414 787 1555 820 Ducan-

288 861 344 889 tur
367 867 450 901 ergo
472 854 620 889 invicem
647 857 676 893 1,
702 856 734 893 3,
760 857 793 893 5,
818 858 851 893 7,
881 858 915 886 et
937 852 1021 886 fient
1046 856 1138 893 1053
1171 852 1345 886 ducantur
1367 851 1450 885 item
1473 850 1555 884 infe-

285 919 379 953 riora
406 923 435 958 1,
465 922 494 958 1,
520 921 552 958 L2,
578 916 738 957 invicem,
767 922 800 951 et
826 917 909 951 fient
933 921 978 959 Ως
1008 929 1070 962 per
1096 929 1173 962 quae
1200 915 1396 962 partiantur
1418 919 1495 955 105,
1522 921 1555 949 et

285 982 465 1029 proveniet
495 987 620 1027 quotus
650 982 732 1028 523¹„
761 994 926 1015 numerus
953 980 1089 1015 dierum
1116 979 1300 1025 quaestioni
1330 979 1553 1020 satisfaciens,

286 1048 415 1092 absque
449 1045 585 1092 magnis
620 1050 680 1080 aut
713 1045 895 1080 laboriosis
929 1044 1277 1090 multiplicationibus
1311 1050 1346 1079 et
1375 1043 1555 1078 divisionis

286 1110 458 1157 operibus.

192 1241 280 1274 Haec
299 1239 563 1286 proportionum
584 1237 706 1283 regula
726 1237 893 1283 plurimas
917 1237 1020 1272 habet
1045 1237 1167 1272 tacitas
1189 1243 1224 1272 et
1245 1238 1391 1272 latentes
1414 1238 1554 1283 species,

140 1317 208 1338 non
230 1304 466 1351 negligendas,
497 1315 574 1349 quae
595 1301 763 1337 beneficio
787 1301 892 1336 etiam
916 1301 1019 1347 hujus
1044 1302 1241 1348 compendii
1261 1302 1435 1342 fruuntur,
1460 1307 1494 1336 et
1517 1315 1556 1336 eo

140 1369 384 1414 expediuntur.

334 1434 385 1468 Ut
399 1433 520 1479 regula
532 1431 723 1466 reducendi
737 1431 922 1466 fractiones
936 1431 1155 1472 fractionum,
1172 1431 1297 1466 iterum
1312 1437 1416 1477 atque
1430 1431 1556 1465 iterum

285 1498 474 1532 fractarum
492 1497 553 1541 (de
571 1497 639 1542 qua
655 1496 865 1542 generaliter
883 1495 1051 1542 superius,
1075 1502 1109 1530 et
1131 1495 1388 1542 particulariter
1411 1494 1555 1529 inferius

286 1562 520 1607 tractabitur),
540 1566 592 1595 est
610 1560 740 1606 species
758 1559 861 1605 hujus
879 1559 1009 1605 regulae
1027 1560 1270 1606 proportionis,
1295 1572 1337 1595 ex
1355 1558 1556 1594 definitione

287 1626 415 1671 regulae
445 1624 690 1671 proportionis.
743 1625 848 1659 Unde
878 1625 998 1658 eodeni
1030 1625 1234 1671 compendio
1263 1624 1333 1664 illa,
1370 1636 1438 1670 quo
1467 1623 1552 1663 haec,

286 1689 519 1729 abbreviatur,
556 1694 593 1722 ut
623 1689 659 1722 in
687 1688 854 1734 exemplis
885 1701 959 1734 cap.
992 1693 1012 1722 S
1049 1688 1127 1723 Lib.
1162 1690 1190 1723 I.
1223 1695 1397 1723 ostensum
1427 1693 1488 1726 est,
1521 1693 1553 1720 et

284 1753 427 1787 inferius
453 1753 664 1787 ostendetur.

191 1882 246 1916 De
272 1882 488 1927 integrorum
515 1892 737 1914 numerorum
766 1880 1001 1915 Arithmetica
1029 1881 1136 1923 satis,
1170 1887 1323 1926 superest
1352 1881 1551 1917 fractorum,

141 1960 200 1980 seu
226 1945 445 1980 fractionum.
