1747 2620
152 232 190 261 68
601 231 666 261 DE
692 230 819 261 ARTE
844 228 1121 260 LOGISTICA.

204 337 324 383 Atque
342 337 400 372 hic
418 337 526 384 prius,
543 343 577 371 et
593 336 765 371 cardinali
778 334 1045 376 numero,-—ille
1062 334 1245 380 posterius,
1265 341 1300 369 et
1317 335 1478 376 ordinali,
1498 348 1574 382 pro-

153 402 337 437 nuntiatur
352 417 361 445 ;
390 402 448 437 hic
467 415 605 448 quoque
624 413 731 447 supra
748 400 886 441 lineam,
907 399 966 434 ille
983 399 1064 433 vero
1081 399 1183 440 infra,
1202 404 1355 434 notatur.

348 467 398 501 Ut
416 466 445 500 si
464 466 645 506 unitatem,
666 471 726 500 aut
744 477 818 499 rem
836 464 975 499 unicam
992 463 1218 510 propositam,
1238 464 1275 498 in
1292 469 1408 510 partes
1425 465 1571 510 quotvis,

299 538 336 566 ut
354 544 385 565 v.
404 544 437 577 g.
456 531 493 565 in
515 535 569 571 11,
598 531 749 576 partitus
774 530 890 570 fueris,
916 535 950 563 et
972 529 1098 563 harum
1117 534 1137 563 5
1157 534 1272 575 partes
1295 529 1479 563 sumendas
1501 542 1573 564 esse

301 600 526 630 statuas—ll
548 601 629 630 sunt
645 595 751 641 hujus
768 594 947 629 fractionis
965 593 1218 635 denominator,
1237 599 1272 628 et
1285 599 1306 628 5
1322 600 1402 629 sunt
1421 595 1573 640 ejusdem

298 666 525 703 numerator3
557 673 716 706 quorum,
743 659 818 694 haec
836 665 857 693 5
876 659 984 706 prius,
1010 664 1044 693 et
1067 671 1130 705 per
1152 671 1337 694 numerum
1361 658 1572 694 cardinalem

300 726 502 772 (quinque),
529 726 726 772 profertum
754 731 789 760 et
811 725 873 759 illa
899 729 937 759 11
964 724 1146 770 posterius,
1173 730 1207 758 et
1228 736 1292 770 per
1313 737 1497 759 numerum
1521 737 1572 758 or-

298 790 450 825 dinalem
477 791 725 836 (undecimas),
754 789 1024 836 pronuntiatur3
1062 789 1128 824 hoc
1153 789 1267 829 modo,
1302 794 1311 808 ‘
1329 788 1483 835 quinque
1512 802 1571 823 un-

298 856 449 891 decimas
476 857 614 902 partes'
663 855 842 889 Notantur
868 855 948 889 vero
974 854 1048 889 haec
1065 859 1086 888 5
1110 866 1216 900 supra
1240 853 1377 895 lineam,
1397 860 1431 888 et
1447 854 1508 888 illa
1532 859 1567 888 ΙΙ

296 921 397 961 infra,
423 921 489 956 hoc
511 921 624 961 modo,
649 922 721 968 ‘15T3
750 925 784 954 et
807 919 857 954 ita
879 920 923 954 de
947 919 1034 953 aliis.

202 1051 298 1086 Huic
321 1056 455 1086 constat
476 1051 570 1096 quod
594 1050 726 1090 fractio,
751 1062 811 1084 seu
832 1049 963 1083 fractus
980 1061 1156 1089 numerUS,
1177 1048 1222 1082 sit
1239 1060 1330 1094 pars,
1356 1054 1416 1083 aut
1438 1055 1564 1094 partes,

152 1116 294 1151 unitatis
313 1116 431 1150 divisae
448 1115 485 1149 in
502 1120 618 1161 partes
636 1115 781 1160 aliquot.

200 1182 348 1216 Constat
375 1180 480 1215 etiam
507 1180 601 1226 quod
628 1179 751 1214 fractio
777 1179 869 1213 idem
896 1179 986 1213 valet
1013 1179 1107 1224 quod
1131 1189 1297 1212 numerus
1324 1178 1566 1217 numeratoris,

152 1246 281 1281 divisus
298 1258 360 1292 per
377 1257 560 1279 numerum
579 1244 862 1278 denominatoris.

346 1311 395 1345 Ut
409 1310 445 1344 in
460 1309 636 1356 superiore
655 1309 822 1344 fractione
836 1310 894 1356 ᾖ,
911 1308 1003 1343 idem
1022 1315 1073 1342 cst
1090 1320 1166 1342 eam
1184 1308 1423 1355 pronuntiare,
1447 1315 1455 1328 ⁶
1470 1309 1568 1354 quin-

299 1389 364 1421 que
386 1375 587 1410 undecimas
608 1375 775 1415 unitatis‚’
798 1375 901 1420 quod,
929 1380 936 1393 ‘
959 1373 1112 1420 quinque
1134 1373 1264 1419 partita
1281 1386 1342 1419 per
1368 1378 1406 1407 11
1425 1375 1452 1415 ;’
1474 1380 1512 1408 ut
1532 1374 1568 1407 in

297 1454 370 1487 cap.
390 1447 411 1482 7
434 1441 513 1476 Lib.
536 1441 564 1474 Ι.
587 1440 797 1486 generaliter
819 1439 982 1474 diximus.

202 1573 290 1606 Sunt.
307 1579 341 1606 et
360 1572 519 1617 quaedam
536 1571 725 1617 improprie
743 1570 938 1610 fractiones,
960 1583 1035 1616 quae
1053 1582 1122 1604 non
1141 1576 1221 1604 sunt
1239 1569 1384 1604 unitatis
1401 1581 1492 1615 pars,
1509 1575 1569 1603 aut

152 1643 278 1683 partes,
295 1649 464 1682 expresse,
481 1637 541 1670 sed
555 1645 635 1670 sunt
648 1641 764 1682 partes
778 1635 985 1670 fractionum
999 1650 1008 1678 3
1037 1642 1071 1669 et
1088 1635 1141 1669 hae
1159 1634 1344 1669 fractiones
1362 1634 1569 1669 fractionum

152 1700 377 1735 nominantur
391 1715 400 1742 3
427 1712 512 1746 quas
530 1712 592 1733 nos
610 1705 770 1734 notamus
788 1699 991 1745 interposita
1007 1699 1177 1746 particula
1193 1705 1201 1719 ⁶
1213 1701 1277 1739 ex,’
1291 1699 1351 1733 alii
1368 1705 1491 1734 notant
1509 1712 1570 1745 per

154 1765 374 1800 omissionem
392 1764 592 1811 posterioris
610 1763 720 1804 lineae,
741 1770 801 1798 aut
818 1763 1000 1798 linearum.

348 1829 399 1864 Ut
417 1829 494 1863 duae
513 1828 642 1874 quintae
660 1834 787 1875 partes,
809 1828 915 1862 trium
933 1834 1137 1874 quartarum
1154 1828 1308 1874 partium
1325 1828 1480 1869 unitatis,
1500 1841 1569 1863 non

299 1900 350 1929 est
367 1893 516 1940 proprie,
540 1905 603 1927 nec
621 1893 831 1934 immediate,
856 1893 1000 1927 unitatis
1019 1892 1153 1933 fractio,
1174 1893 1235 1927 sed
1251 1893 1375 1927 fractio
1392 1893 1570 1928 fractionis

300 1958 469 2001 unitatis3
500 1957 698 2004 significant
721 1957 813 1992 enim
836 1957 1006 1992 unitatem
1027 1957 1063 1991 in
1087 1963 1236 2003 quatuor
1255 1963 1371 2004 partes
1395 1958 1515 1998 dividi,
1536 1964 1569 1992 et

298 2024 423 2058 harum
442 2029 510 2057 tres
528 2027 645 2069 partes
662 2034 783 2056 rursus
796 2022 832 2056 in
846 2027 868 2056 5
882 2028 998 2068 partes
1012 2021 1146 2068 partiri,
1163 2034 1311 2068 quarum
1325 2022 1411 2056 duas
1430 2023 1570 2057 tandem

299 2089 484 2123 sumendas
507 2100 590 2122 esse.
644 2087 729 2121 Ideo
751 2086 800 2121 sic
822 2093 993 2127 notamus
1017 2088 1042 2133 333
1059 2099 1100 2120 ex
1118 2087 1151 2134 ᾗ,
1176 2086 1236 2121 alii
1258 2087 1308 2122 sic
1328 2094 1460 2128 notant,
1480 2089 1502 2135 ξ
1522 2089 1539 2134 73
1559 2103 1567 2128 ;

298 2160 331 2188 et
353 2154 402 2188 sic
422 2152 699 2200 pronuntiamus,
727 2158 735 2172 ‘
750 2153 826 2187 duae
850 2152 980 2198 quintae
998 2165 1039 2187 ex
1065 2152 1176 2187 tribus
1199 2152 1355 2198 quartis,’
1374 2160 1444 2192 aut,
1472 2159 1479 2173 ‘
1494 2153 1570 2188 duae

300 2219 430 2265 quintae
448 2218 555 2253 trium
573 2219 800 2264 quartarum.’
