1747 2620
528 570 793 624 LIBER
846 571 1194 625 PRIMUS.

365 728 433 763 DE
477 728 787 764 NOMINATA
827 728 1113 763 ALGEBRAE
1157 729 1361 764 PARTE.

725 1038 925 1077 CAPUT
968 1038 999 1076 Ι.

335 1171 389 1198 DE
414 1171 770 1198 DEFINITIONIBUS
794 1171 846 1197 ET
871 1170 1167 1198 DIVISIONIBUS
1192 1170 1400 1203 PARTIUM,

585 1226 638 1253 ET
662 1226 717 1253 DE
742 1225 984 1253 VOCABULIS
1009 1225 1143 1253 ARTIS.

203 1349 230 1377 1.
261 1344 441 1378 ALGEBRA
466 1344 618 1378 Seientia
639 1350 690 1378 est
712 1344 754 1378 de
776 1343 1025 1389 quaestionibus
1050 1343 1183 1388 quanti,
1211 1352 1241 1377 ct
1263 1344 1370 1388 quoti,
1398 1344 1570 1378 solvendis

151 1416 313 1443 tractans.
468 1448 471 1450 ‚

199 1478 230 1508 ι).
261 1474 391 1519 Estque
410 1487 450 1508 ea
468 1474 771 1520 duplex,—alte1·a
788 1473 1056 1513 nominatorum,
1078 1473 1188 1508 altera
1206 1473 1443 1520 positivorum.

197 1542 229 1572 3.
259 1539 451 1573 Nominata
481 1546 571 1577 sunt,
605 1551 681 1583 quae
709 1539 727 1571 ἐι
755 1538 909 1572 numeris
939 1538 1176 1578 rationalibus⁷
1207 1545 1265 1572 aut
1295 1538 1567 1579 irrationalibus,

148 1617 273 1638 nomon
300 1604 440 1639 habent.

196 1675 228 1704 «ι.
260 1670 462 1704 Rationales
491 1676 572 1703 sunt
600 1669 736 1703 numeri
765 1668 925 1708 absoluti,
957 1676 1014 1703 aut
1039 1670 1177 1704 numeri
1203 1676 1343 1715 partes3
1377 1670 1420 1703 de
1444 1670 1569 1715 quibus

148 1741 273 1770 tractat
297 1735 401 1769 etiam
426 1734 674 1768 Arithmetiea.

195 1805 227 1834 5.
258 1800 481 1834 Irrationales
517 1806 597 1834 sunt.
628 1799 762 1834 radices
792 1813 1017 1835 numerorum
1050 1801 1271 1835 rationalium
1304 1814 1372 1834 non
1403 1801 1570 1848 habentes

147 1866 281 1899 radices
305 1865 396 1899 inter
420 1877 593 1899 numeros.

195 1931 227 1964 (i.
258 1931 377 1976 Atque
395 1930 448 1964 hae
468 1931 580 1975 (quod
599 1930 812 1975 quantitates
831 1932 929 1976 sunt)
947 1931 983 1964 in
1003 1931 1245 1966 Geometriam
1264 1931 1368 1965 etiam
1388 1938 1554 1977 spectant.

195 2001 226 2036 7.
257 1995 409 2029 Positiva
434 1995 599 2041 Algebrae
628 2007 707 2040 pars
736 2002 796 2035 est,
829 2008 905 2041 quae
933 1996 1145 2041 quantitates
1174 2002 1207 2030 et
1235 2009 1397 2030 numeros
1423 1996 1569 2030 latentes

145 2073 206 2106 per
233 2060 486 2106 suppositiones
510 2059 650 2094 fictitias
673 2060 815 2106 prodit;
848 2061 891 2095 de
915 2064 981 2106 quii
1006 2061 1115 2095 Libro
1139 2061 1189 2095 ΙΙ.
1216 2061 1452 2096 tractabimus.

195 2131 225 2159 8.
257 2125 413 2160 Priorem
447 2131 563 2159 autem
595 2125 760 2171 Algebrae
794 2132 939 2172 partem,
977 2127 1020 2161 de
1054 2126 1208 2160 numeris
1244 2133 1276 2161 et
1312 2127 1566 2172 quantitatibus

145 2191 342 2231 nominatis,
366 2191 432 2225 hoc
456 2190 564 2225 Libro
584 2190 612 2224 Ι.
632 2190 843 2225 docebimus.
