1747 2620
129 217 168 243 84
578 214 640 244 DE
666 214 793 245 ARTE
819 214 1097 245 LOGISTICA.

324 321 373 355 Ut
386 321 489 355 radix
501 320 704 366 bipartiens,
720 333 780 354 seu
793 321 975 371 quadrata,
992 320 1180 366 septenarii
1196 322 1306 367 major
1323 327 1374 356 est
1392 323 1541 362 binario,

277 384 392 418 minor
409 384 572 424 ternario,
588 389 621 418 et
638 383 727 417 nulli
744 384 863 424 fracto,
883 384 920 418 in
938 384 1098 418 universa
1115 384 1304 420 fractorum
1321 398 1545 421 numerorum

277 448 434 487 essentia,
464 447 606 493 aequalis
630 453 690 482 aut
713 448 1032 483 commensurabilis
1057 448 1274 494 reperietur3
1308 449 1438 484 dicitur
1464 463 1547 496 ergo

277 516 457 547 concretus
483 524 647 546 numerus
670 513 820 558 proprie.
874 513 931 547 Sic
956 513 1057 546 radix
1083 512 1294 558 tripartiens,
1323 526 1383 547 seu
1410 513 1545 554 cubica,

279 576 414 611 denarii
432 576 579 616 numeri,
595 589 664 610 non
683 581 734 610 est
750 589 916 611 numerus
934 576 1115 617 discretus,
1131 589 1196 611 neo
1213 589 1359 612 numero
1377 590 1546 613 commen-

278 640 451 681 surabilis,
481 641 541 674 sed
568 646 772 684 oonoretus3
809 646 842 675 et
870 641 946 675 aliae
973 640 1120 675 infinitae
1147 653 1372 676 numerorum
1399 642 1544 681 radices,

278 718 364 750 quas
387 705 490 751 vulgo
512 705 634 739 surdos
655 710 689 739 et
709 704 928 739 irrationales
949 710 1084 739 vocant.

185 836 324 869 Horum
347 840 587 868 concretorum
609 839 705 868 ortus
727 833 877 868 habetur
899 833 1114 868 extrahendo
1132 834 1150 868 ὲ
1168 834 1323 868 numeris
1341 834 1475 868 radices
1498 834 1548 868 eis

135 912 202 934 non
225 899 357 933 insitas.

330 963 379 998 Ut
398 975 472 1008 cap.
493 967 515 996 4<
533 962 613 997 Lib.
634 962 663 996 Ι.
683 968 717 996 et
734 974 808 1008 cap.
829 966 850 1000 9
869 962 948 996 Lib.
969 962 1020 996 II.
1039 962 1248 996 monuimus.

188 1093 291 1127 Unde
314 1104 356 1125 ex
380 1091 581 1125 diversitate
604 1090 762 1125 radicum
786 1090 948 1124 oriuntur
969 1090 1114 1124 diversae
1135 1090 1330 1124 notationes
1348 1099 1382 1124 et
1395 1091 1550 1124 nomina-

136 1158 246 1192 tiones
264 1162 514 1191 concretorum.

331 1221 382 1255 Ut
418 1220 572 1254 radicem
606 1219 853 1265 bipartientem
888 1219 1075 1265 septenarii
1109 1220 1231 1264 (quam
1260 1218 1364 1264 vulgo
1398 1219 1550 1253 radicem

282 1285 489 1331 quadratam
509 1283 697 1329 septenarii
716 1285 857 1329 vocant)
876 1283 924 1317 sio
941 1288 1111 1323 notamus,
1135 1286 1214 1326 1-17,
1234 1288 1268 1317 et
1285 1283 1552 1328 pronuntiamus

281 1350 435 1384 radicem
468 1349 716 1395 bipartientem
751 1354 882 1394 septem
916 1361 976 1382 seu
1010 1347 1207 1394 septenarii.
1261 1348 1362 1388 Item,
1398 1348 1551 1382 radicem

283 1415 442 1449 oubioam
463 1418 516 1454 10,
542 1426 605 1447 nos
628 1413 835 1459 proferimus
853 1412 1007 1448 radicem
1024 1412 1279 1458 tripartientem
1297 1413 1427 1452 decem,
1452 1418 1486 1446 et
1504 1412 1552 1446 sic

281 1478 475 1518 scribimus,
510 1475 612 1513 Ι-ΙΟ.
665 1478 765 1518 Item,
798 1477 952 1511 radicem
982 1476 1317 1523 quadripartientem
1346 1480 1385 1510 11
1416 1476 1466 1510 ita
1494 1489 1552 1510 no-

282 1551 407 1582 tamus,
431 1538 533 1577 111.
586 1542 687 1582 Item,
714 1541 869 1576 radicem
892 1540 1229 1587 quintupartientem
1245 1539 1383 1574 numeri
1400 1539 1459 1580 sic,
1483 1543 1522 1583 [Ι
1542 1555 1550 1582 ;

282 1607 591 1653 sextupartientem
613 1607 671 1647 sic,
694 1601 748 1641 Ε.

191 1739 294 1772 Hanc
318 1737 559 1772 characterum
581 1736 788 1771 radicalium
806 1734 1009 1770 varietatem
1032 1747 1110 1769 oum
1133 1734 1204 1768 suis
1226 1733 1383 1768 indicum

140 1803 293 1838 numeris
313 1801 514 1848 suppeditat
526 1800 627 1835 nobis
642 1799 837 1845 (memoriae
851 1799 980 1845 gratia)
993 1798 1059 1833 hoc
1072 1798 1214 1833 unicum
1232 1797 1380 1837 schema,
1423 1749 1534 1858 :iss

140 1869 175 1902 in
194 1880 273 1902 suas
291 1872 407 1913 partes
426 1865 638 1900 distinctum.

533 1930 584 1964 Ut
598 1929 634 1963 in
650 1928 816 1974 exemplis
830 1926 1117 1974 praecedentibus,
1137 1930 1176 1970 1-1
1194 1931 1233 1969 Ι-
1252 1928 1291 1969 ΣΙ
1310 1929 1348 1969 []
1367 1929 1405 1969 Γ-
1420 1938 1551 1971 praepo-

290 2000 426 2040 ΑΗΕ-ΙΕ-
492 1994 559 2029 sita
575 1993 739 2033 numeris,
760 2004 838 2026 suas
856 1991 990 2026 radices
1007 1990 1263 2036 bipartientem‚
1287 1989 1552 2035 tripartientem,

290 2046 426 2098 {1¹¹}
493 2057 850 2104 quadrupartientem,
875 2054 1220 2101 quintupartientem,
1246 2053 1554 2099 sextupartientem

291 2095 414 2135 ἩΓΒἩῼ
493 2122 716 2157 denotabant.
774 2120 870 2154 Sicut
899 2125 933 2153 et
964 2122 1003 2160 -Ι
1035 2117 1189 2152 radicem
1219 2117 1528 2163 septupartientem
1544 2131 1552 2158 ;

495 2190 534 2229 ΓΙ
547 2186 855 2232 octupartientem3
875 2186 914 2226 Γ
925 2182 1267 2228 noncupartientem;
1282 2181 1555 2227 itemque-sde-
