1747 2620
558 189 623 219 DE
654 188 782 220 ARTE
809 187 1091 220 LOGISTICA.
1543 190 1580 217 19

206 297 367 338 Radices,
389 303 461 332 tam
490 297 709 332 abundantes
733 298 838 343 quam
863 296 1054 337 defectivae‚
1083 295 1161 342 pari
1184 294 1300 330 indice
1327 294 1578 340 multiplicatae,

153 363 352 409 producunt
369 362 566 397 radicatum
585 363 780 397 abundans.

350 427 400 462 Ut
419 427 463 462 sit
490 427 594 462 radix
617 432 693 472 4-2,
722 440 827 474 quam
852 427 897 462 ad
920 426 1073 461 indicem
1099 430 1122 460 4
1148 423 1412 471 multiplicabis,
1440 429 1474 457 et
1498 423 1582 457 fient

300 492 414 539 primo
450 497 525 537 -1-2,
555 493 708 527 secundo
745 497 820 536 -1—-4,
852 491 956 527 tertio
988 495 1063 535 ÷8‚
1094 490 1220 536 quarto
1249 488 1339 533 -1-16
1369 489 1578 530 abundans3

297 557 469 599 simfliter,
489 562 561 592 ..Q
586 557 821 604 multiplicata
834 557 961 592 facient
984 556 1098 603 primo
1112 559 1194 596 -2,
1212 554 1365 589 secundo
1384 558 1458 598 ÷4‹‚
1480 553 1583 588 tertio

299 627 380 665 -S,
398 624 523 669 quarto
541 623 625 658 item
644 623 826 658 abundans
846 621 945 666 -i-ffi’
967 627 1005 656 ut
1024 622 1138 667 supra.

204 753 300 788 Hinc
328 753 497 799 sequitur,
527 753 678 787 radicati
704 751 917 787 abundantis
948 750 1063 785 indice
1091 750 1170 796 pari
1198 750 1285 784 duas
1321 762 1394 784 esse
1430 748 1576 788 radices,

152 818 299 853 alteram
322 819 571 858 abundantem,
608 817 755 852 alteram
791 815 1023 858 defectivam3
1061 815 1256 850 deficientis
1296 815 1380 849 vero
1416 813 1576 852 radicati,

151 883 294 918 nullam.

348 948 399 983 Ut
425 947 604 994 superiore
630 946 789 994 exemplo
814 945 966 981 radicati
994 944 1084 989 -1-16
1119 943 1342 984 abundantis,
1372 950 1443 978 tam
1470 945 1578 979 abun-

297 1013 384 1048 dans
411 1017 487 1057 4⁶2,
514 1013 619 1058 quam
643 1011 818 1046 defectiva
840 1014 924 1051 -Q
955 1015 1056 1045 erant
1077 1008 1214 1043 radices
1241 1008 1574 1054 quadripartientes‚

296 1084 335 1113 ut
361 1091 403 1113 ex
429 1077 669 1124 superioribus
696 1082 730 1111 et
756 1076 939 1121 utriusque
966 1074 1125 1110 examine
1148 1073 1294 1120 patebit.
1348 1073 1455 1108 Unde
1482 1073 1578 1108 nulla

294 1149 413 1185 restat,
433 1143 505 1178 sive
524 1143 707 1178 abundans
721 1142 792 1176 sive
811 1140 992 1181 defectiva,
1013 1152 1092 1186 quae
1110 1139 1155 1174 sit
1172 1138 1275 1173 radix
1293 1138 1576 1185 quadripartiens

298 1209 478 1244 defectivae
495 1208 604 1243 -16.

202 1340 353 1374 Radices
372 1340 592 1375 abundantes
618 1338 734 1373 indice
752 1337 879 1384 impari
902 1336 1057 1371 reddunt
1075 1334 1385 1381 (multiplicatione
1411 1334 1576 1379 radicali)

152 1405 312 1440 radicata
330 1404 560 1444 abundantia,
581 1410 614 1438 et
633 1402 826 1443 defectivae,
848 1401 1031 1436 defectiva.

346 1470 397 1505 Ut
414 1470 516 1504 radix
534 1469 719 1504 abundans
739 1472 813 1512 -1-2,
835 1466 951 1501 indice
978 1465 1105 1512 impari
1123 1470 1156 1505 5,
1177 1464 1383 1500 radicaliter
1408 1464 1575 1510 multipli-

296 1540 375 1570 cata
400 1534 518 1569 reddit
545 1537 658 1578 ÷3÷23
688 1533 831 1573 scilicet,
860 1532 974 1578 primo
1000 1534 1075 1574 †Q,
1095 1529 1248 1564 secundo
1274 1533 1350 1573 4-4,
1376 1528 1479 1563 tertio
1499 1533 1573 1573 ÷8‚

296 1600 423 1646 quarto
442 1598 542 1643 -1-16,
563 1598 687 1644 quinto
707 1601 806 1641 -1-32,
827 1596 1024 1631 radicatum
1051 1594 1245 1629 abundans.
1298 1593 1355 1628 Sic
1373 1593 1475 1628 radix
1493 1594 1575 1628 defi-

296 1664 390 1699 ciens
408 1668 491 1704 -Q,
511 1663 628 1698 indice
646 1668 679 1703 5,
700 1661 903 1696 radicaliter
920 1659 1156 1706 multiplicata
1173 1658 1257 1693 facit
1275 1661 1371 1693 —39
1388 1672 1396 1701 ;
1426 1658 1570 1699 scilicet,

296 1729 410 1776 primo
427 1732 510 1769 -Ω,
527 1728 680 1762 secundo
699 1731 775 1771 44,
796 1726 900 1760 tertio
912 1730 994 1766 -8,
1015 1725 1141 1770 quarto
1160 1722 1261 1768 ÷16,
1282 1723 1405 1769 quinto
1424 1723 1575 1769 denique

297 1797 403 1835 -32,
423 1793 620 1828 radicatum
639 1791 850 1827 defectivum
868 1790 972 1825 dictae
991 1788 1131 1823 radicis.

200 1924 314 1960 Simili
336 1924 440 1960 modo
463 1923 547 1958 hinc
573 1922 743 1969 sequitur,
772 1922 868 1968 quod
893 1920 1092 1956 radicatum
1119 1919 1248 1966 impari
1274 1918 1392 1953 indice
1417 1919 1573 1953 radicem

151 1990 278 2025 habeat
297 1989 436 2025 unicam
465 1995 625 2031 tantum;
656 1986 850 2028 abundans,
874 1986 1138 2028 abundantem3
1168 1990 1202 2019 et
1220 1983 1442 2023 defectivum,
1463 1983 1572 2017 defec-

151 2055 268 2090 tivam.

346 2118 397 2154 Ut
427 2117 606 2165 superiore
636 2116 796 2163 exemplo
825 2115 1024 2150 radicatum
1054 2114 1238 2149 abundans
1267 2115 1366 2155 -1-32,
1395 2111 1511 2146 indice
1537 2117 1570 2152 5,

295 2183 439 2219 habebit
464 2182 620 2217 radicem
650 2181 889 2217 abundantem
916 2184 991 2224 ÷‘2.
1045 2179 1103 2214 Sic
1132 2177 1330 2212 radicatum
1361 2176 1571 2211 defectivum
