1747 2620
618 226 680 256 DE
707 226 835 257 ARTE
861 227 1136 258 LOGISTICA.
1547 230 1584 260 67

711 442 911 482 CAPUT
954 442 1033 480 XI.

406 557 462 584 DE
486 557 812 589 FRACTIONIBUS‚
837 558 914 586 sEU
939 558 1130 586 NUMERIS
1154 557 1340 585 FRACTIS.

213 657 389 698 FRAcho,
419 670 480 692 seu
503 670 668 693 numerus
691 658 832 699 fractus,
858 664 909 693 est
931 671 1034 705 quem
1058 658 1204 693 minima
1224 664 1258 693 et
1279 658 1462 692 individua
1488 671 1578 703 pars,

164 721 266 756 unica
283 721 415 756 scilicet
432 721 576 756 unitatis
593 728 787 763 numerata,
806 722 960 757 metitur.

356 787 407 823 Ut
425 788 519 834 apud
536 793 749 822 astronomos
766 788 896 834 gradus
915 800 978 833 pro
997 786 1131 821 unitate
1150 787 1309 827 habetur,
1331 794 1365 821 et
1379 793 1401 829 7
1419 788 1582 833 scrupula

309 852 424 898 prima
460 858 541 887 sunt
578 853 651 898 ejus
687 851 836 894 fractio3
877 864 959 886 nam
992 851 1059 886 hoc
1092 850 1168 885 loco
1202 851 1343 886 unicum
1379 852 1580 898 scrupulum

305 917 457 963 primum
474 922 526 951 est
543 917 617 963 ejus
635 916 781 950 minima
798 922 832 950 et
850 915 1034 950 individua
1056 928 1147 961 parS,
1173 928 1250 961 quae
1273 928 1350 950 eam
1371 916 1524 956 metitur,
1548 923 1580 950 ct

305 982 349 1016 ab
367 982 406 1016 ea
422 987 627 1015 numeratur
649 993 711 1028 por
728 987 761 1022 7.
815 980 872 1015 Sic
898 985 919 1014 5
945 980 1048 1014 solidi
1074 986 1155 1014 sunt
1177 979 1276 1014 librae
1301 980 1434 1020 fractio,
1460 981 1543 1026 quia
1566 986 1577 1014 l

307 1046 438 1081 solidus
459 1046 518 1081 hic
541 1051 593 1080 est
616 1046 762 1080 minima
785 1052 819 1080 ct
842 1045 1027 1079 individua
1044 1044 1147 1079 unius
1164 1045 1264 1079 librae
1282 1057 1373 1091 pars,
1401 1058 1478 1091 quae
1497 1046 1587 1089 fraer-b

306 1111 436 1146 tionem
462 1111 617 1152 metitur,
648 1117 682 1146 et
709 1112 753 1146 ab
778 1112 817 1145 cix
842 1116 1048 1145 numeratur
1072 1122 1135 1156 per
1158 1115 1191 1144 5.
1244 1110 1302 1144 Sic
1328 1114 1371 1151 17
1395 1110 1579 1157 trigesima·

305 1176 449 1211 unitatis
475 1183 591 1223 partes
614 1182 693 1211 sunt
716 1176 864 1217 fraetio3
898 1176 981 1222 quia
1006 1175 1110 1210 unica
1135 1175 1314 1222 trigesima
1339 1183 1390 1211 est
1416 1177 1481 1211 hoe
1507 1177 1581 1211 loco

304 1241 451 1275 minima
468 1246 501 1275 et
518 1240 703 1275 individua
721 1240 865 1275 unitatis
883 1253 974 1287 pars,
996 1253 1073 1286 quae
1096 1244 1138 1281 17
1158 1240 1352 1286 trigesimas
1370 1241 1524 1281 metitur,
1548 1248 1579 1275 et

305 1306 349 1341 ab
367 1305 416 1340 eis
433 1311 639 1340 numeratur
655 1305 914 1351 septemdecies.

209 1436 446 1477 Fractionum,
467 1435 544 1470 aliae
562 1436 732 1482 vulgares,
754 1435 830 1470 aliae
849 1435 1001 1482 physieae
1019 1435 1195 1470 dicuntur.

208 1501 381 1547 Vulgares
400 1506 491 1541 sunt,
512 1513 589 1546 quae
608 1500 721 1535 varias
739 1506 773 1535 ct
790 1500 918 1534 liberas
936 1500 1066 1535 habent
1084 1500 1393 1534 denominationes.

354 1566 403 1600 Ut
434 1578 542 1600 unum
574 1565 771 1606 dimidium,
809 1565 887 1599 duae
918 1565 1041 1606 tertiae,
1079 1570 1230 1611 quatuor
1261 1564 1464 1603 undecimae,
1502 1577 1579 1610 qua¹

302 1638 418 1666 ortum
443 1631 573 1666 habent
599 1631 636 1665 in
662 1630 862 1677 partitione,
892 1643 966 1676 cap.
989 1635 1012 1664 4
1039 1630 1118 1665 Lib.
1140 1630 1190 1664 II.

210 1760 251 1793 In
268 1760 502 1795 Arithmetica
517 1760 727 1794 fractionum
742 1759 939 1805 vulgarium
952 1764 1154 1805 spectantur
1164 1758 1357 1793 nominatio
1368 1764 1400 1793 et
1413 1759 1578 1804 operatio.

206 1825 422 1866 Nominatio,
449 1838 526 1871 quae
551 1837 633 1859 voce
659 1825 708 1865 fit,
737 1824 867 1859 dieitur
889 1824 1151 1871 pronuntiatio3
1181 1836 1258 1869 quae
1285 1829 1400 1858 autem
1427 1813 1595 1868 seriptis(

158 1890 300 1925 notatio.

209 1955 419 2001 vulgarium
442 1955 651 1990 fractionum
674 1954 867 1989 nominatio
889 1955 1023 1989 duobus
1046 1954 1204 1988 terminis
1223 1953 1439 2000 exprimitur,
1461 1965 1577 1987 numo-

158 2027 272 2055 ratore
295 2026 329 2055 et
351 2020 624 2055 denominatorc.

207 2086 462 2120 Denominator
491 2092 552 2126 est,
590 2084 650 2130 qui
684 2084 841 2119 nominat
871 2084 906 2118 in
938 2091 1022 2130 quot
1056 2090 1172 2130 partes
1203 2083 1353 2129 {equales
1385 2083 1499 2117 unitas
1534 2084 1575 2117 sit

158 2150 409 2185 distribuenda.

206 2216 418 2250 Numerator
436 2217 517 2250 vers)
535 2222 596 2255 est,
618 2215 677 2261 qui
696 2221 855 2249 numerat
876 2220 959 2260 quot
978 2228 1020 2249 ex
1038 2214 1092 2248 his
1111 2214 1270 2260 partibus
1289 2214 1357 2248 sint
1376 2215 1563 2248 sumendam
