1747 2620
615 213 678 243 DE
705 212 832 243 ARTE
859 211 1135 243 LOGISTICA.
1549 212 1587 239 25

214 323 430 363 l'artiuntur,
451 328 578 362 autem,
599 321 804 356 invertendo
823 321 989 355 terminos
1008 319 1179 360 divisoris,
1205 324 1239 353 et
1257 318 1410 352 inversos
1429 329 1491 362 per
1509 329 1585 361 par-

165 389 321 423 tiendum
340 387 606 434 multiplicando
623 386 822 421 omnimodo
840 391 878 420 ut
897 385 1055 432 superius
1073 385 1109 418 in
1127 383 1430 430 multiplicatione.

356 453 406 488 Ut
425 453 493 487 sint
511 454 559 501 {³6
576 451 761 498 penultimi
779 451 928 497 exempli
946 450 1139 497 partiendae
1156 462 1219 496 per
1236 450 1258 496 ἔξ
1273 464 1282 491 ·,
1306 449 1411 494 hujus
1426 446 1586 481 divisoris

308 519 442 553 inverte
461 518 637 558 terminos,
662 524 694 551 et
714 518 797 551 fient
816 519 847 564 ᾖξ’,
872 529 949 562 quae
967 529 1029 562 per
1046 517 1095 563 {³5
1111 514 1353 561 multiplicata*
1372 513 1455 547 fient
1472 511 1586 558 primo

307 596 370 630 per
384 583 679 618 abbreviationem
698 584 746 630 TI&
763 585 796 630 †‚
814 582 939 617 deinde
957 582 980 629 -ξ-
994 584 1027 629 ξ,
1044 581 1170 615 deinde
1184 592 1246 626 per
1259 577 1583 624 multiplicationem

308 648 525 695 superiorum
545 648 703 688 invicem,
730 653 764 682 ct
782 647 986 682 inferiorum
1005 647 1163 687 invicem,
1190 646 1273 679 fient
1291 647 1324 692 ἐν,
1345 648 1471 689 quotus
1490 648 1584 688 opta-

307 720 372 754 tus,
394 719 428 748 ct
446 713 634 760 superioris
654 712 954 758 multiplicationis
973 723 1130 746 examen.

213 843 393 878 Extractio
411 849 528 878 autem
545 843 585 877 fit
603 842 818 876 extrahendo
833 840 1023 875 indicatam
1041 839 1196 874 radicem
1215 845 1286 874 tam
1304 851 1346 873 ex
1363 843 1585 872 numeratore

161 910 265 955 quam
283 921 325 943 ex
344 908 617 948 denominatore,
645 907 715 941 sive
733 920 775 941 ex
794 906 1061 952 quibuscunque
1079 904 1237 939 terminis
1256 904 1409 950 ejusdem
1427 901 1583 941 rationis,

161 979 193 1008 et
212 974 297 1008 fient
314 973 441 1008 radicis
461 973 615 1019 quaesitae
635 971 786 1006 termini.

355 1039 406 1073 Ut
424 1038 469 1072 sit
487 1037 704 1072 extrahenda
721 1036 823 1071 radix
836 1036 1029 1082 bipartiens
1044 1048 1086 1070 ex
1099 1034 1267 1069 fractione
1286 1034 1333 1080 ἕξ
1347 1048 1355 1076 ;
1380 1032 1586 1067 extrahatur

304 1103 407 1138 radix
424 1103 617 1150 bipartiens
639 1102 692 1143 16,
719 1108 840 1148 estque
857 1106 905 1144 ὡς
935 1101 1017 1135 inde
1040 1101 1142 1135 radix
1166 1099 1358 1146 bipartiens
1382 1102 1438 1138 25,
1465 1103 1584 1143 estque

304 1174 352 1211 53
381 1181 423 1203 ex
444 1168 504 1202 illo
528 1168 567 1202 fit
590 1173 792 1202 numerator
815 1171 847 1207 μκ,
878 1179 920 1201 ex
946 1166 1012 1200 hoc
1039 1165 1282 1200 denominator
1304 1169 1337 1204 5,
1363 1163 1429 1197 hoc
1448 1163 1527 1203 situ,
1548 1164 1581 1209 gb,

304 1234 406 1268 radix
423 1233 616 1280 bipartiens
635 1234 681 1280 {tsi
700 1238 829 1278 optata.
870 1232 960 1266 Item
980 1231 1024 1265 sit
1042 1230 1259 1265 extrahenda
1276 1229 1377 1263 radix
1390 1227 1583 1274 bipartiens

304 1312 346 1333 ex
357 1300 390 1346 ᾗ,
405 1312 475 1339 seu,
490 1299 584 1345 quod
597 1298 721 1332 melius
736 1303 797 1338 est,
814 1310 856 1331 ex
870 1297 935 1344 ³333
959 1302 1090 1342 quanto
1105 1295 1198 1330 enim
1211 1295 1359 1340 majores
1377 1299 1458 1327 sunt
1476 1305 1583 1339 quan-

305 1365 421 1399 titates
436 1365 591 1410 ejusdem
605 1363 761 1403 rationis,
779 1368 875 1397 tanto
890 1362 1080 1397 exactiores
1095 1366 1176 1395 sunt
1190 1360 1335 1400 radices,
1349 1359 1417 1393 nisi
1431 1358 1582 1405 perfecte

303 1430 544 1464 extrahantur.
590 1428 746 1463 Extrahe
765 1440 847 1474 ergo
866 1427 1019 1462 radicem
1036 1426 1284 1472 bipartientem
1303 1426 1320 1459 ὲ
1339 1428 1396 1465 48,
1417 1437 1495 1469 qua}
1512 1435 1582 1457 non

304 1495 478 1537 habetur3
511 1507 594 1541 ergo
618 1494 636 1528 e
659 1498 717 1534 49,
747 1498 781 1528 et
809 1506 851 1527 ea
877 1492 944 1527 erit
966 1498 989 1533 7
1006 1507 1014 1535 3
1048 1492 1095 1526 sic
1120 1492 1137 1526 ὲ
1163 1491 1209 1525 64
1231 1490 1438 1525 extrahatur
1461 1489 1582 1523 eadem

303 1560 415 1600 radix,
441 1565 561 1605 estque
580 1563 626 1601 83
661 1564 740 1593 sunt
764 1571 847 1604 ergo
871 1559 894 1605 ᾗ
916 1557 1017 1592 radix
1041 1556 1234 1602 bipartiens
1257 1557 1290 1603 Ξ,
1314 1554 1453 1589 veritati
1477 1555 1581 1600 quam

305 1625 475 1670 proxima.

210 1756 395 1791 Radicales
422 1754 740 1801 multiplicationes,
774 1759 809 1788 et
837 1753 1053 1800 partitiones,
1084 1759 1117 1787 et
1146 1752 1304 1799 regulam
1334 1749 1578 1797 proportionis,

158 1821 241 1867 quia
262 1821 353 1855 nihil
375 1821 472 1855 aliud
494 1826 576 1854 sunt
599 1821 702 1866 quam
726 1818 1033 1865 multiplicationes
1057 1824 1091 1852 et
1112 1817 1318 1863 partitiones
1342 1815 1508 1861 repetitze,
1535 1815 1578 1848 ad

159 1886 338 1932 przemissa
355 1885 548 1925 referimus,
568 1898 610 1920 ex
628 1885 754 1931 quibus
773 1884 873 1918 facile
891 1884 1076 1918 habentur.

206 2016 397 2063 Completis
428 2015 745 2062 computationibus
775 2015 840 2056 his,
870 2014 1095 2049 restituendae
1126 2019 1206 2047 sunt
1236 2012 1420 2046 fractiones
1448 2010 1576 2051 mixtae,

158 2094 305 2128 quarum
329 2081 460 2116 scilicet
482 2087 685 2116 numerator
708 2081 846 2116 excedit
869 2080 1177 2119 denomffiatorem,
1203 2078 1248 2112 ad
1271 2089 1350 2111 suas
1373 2076 1526 2122 integras
1544 2082 1579 2110 et

158 2147 352 2182 fractiones.
405 2146 463 2181 Fit
486 2152 601 2181 autem
619 2146 795 2181 restitutio
813 2145 898 2186 haec,
919 2145 1103 2191 partiendo
1120 2148 1377 2177 numeratorem
1395 2154 1457 2187 per
1475 2142 1577 2175 deno-

157 2213 373 2252 minatorem,
394 2219 426 2247 et
445 2217 598 2258 emerget
616 2211 652 2245 in
671 2211 850 2257 quotiente
869 2211 1005 2257 integra
1024 2209 1211 2255 quantitas,
1239 2214 1271 2242 et
1296 2207 1453 2253 reliquia*
1476 2213 1578 2241 erunt

857 2289 879 2310 n
