1747 2620
174 201 212 229 22
630 203 692 233 DE
718 204 845 234 ARTE
873 202 1149 236 LOGISTICA.

372 308 422 343 Ut
449 309 677 344 terminorum
703 315 748 345 55
768 317 801 345 et
822 315 865 345 15
883 311 1057 345 maximus
1084 308 1277 344 eommunis
1294 308 1443 354 partitor
1470 308 1519 343 sic
1537 308 1595 343 ha-

321 373 446 416 betur;
473 374 606 420 partire
629 379 675 409 55
699 387 762 420 per
789 379 842 415 15,
867 375 1099 409 remanebunt
1125 378 1194 416 103
1227 372 1359 418 partire
1384 377 1426 407 15
1451 386 1513 419 per
1539 378 1592 414 10,

320 439 551 473 remanebunt
564 443 585 473 5
603 453 612 482 3
641 439 773 485 partire
791 443 835 473 10
851 451 914 485 per
927 444 960 480 5,
977 445 1011 474 et
1023 438 1114 473 nihil
1127 437 1343 473 remanebit:
1372 442 1393 471 5
1413 450 1496 484 ergo
1514 444 1593 473 sunt

319 501 491 536 maximus
509 503 703 537 communis
721 503 881 549 partitor,
901 503 1056 550 partiens
1078 508 1122 538 15
1140 515 1203 550 per
1220 506 1253 543 3,
1274 507 1309 537 et
1325 507 1371 537 55
1390 515 1453 548 per
1473 507 1527 537 11.

221 630 355 665 Verum
374 631 404 665 si
422 632 467 666 ad
488 632 660 667 unitatem
677 632 884 679 partitorem
901 633 1111 680 perveneris,
1131 632 1435 673 inabbreviabiles,
1451 632 1592 668 discreti

174 701 287 730 tamen
307 702 387 731 sunt
406 697 558 738 termini,
578 703 640 732 aut
657 710 692 732 se
710 698 861 733 invicem
878 698 1047 734 habentes
1065 704 1104 733 ut
1122 698 1275 733 discreti.

372 760 422 796 Ut
446 761 518 796 sint
535 762 678 796 termini
691 766 713 797 5
720 775 742 797 a
759 768 794 797 et
816 766 888 806 3a3
922 763 1062 809 partitis
1083 768 1134 798 5α
1147 775 1210 809 per
1230 765 1292 804 3a,
1308 769 1490 798 remanent
1509 768 1531 798 Q
1542 777 1564 798 a
1580 780 1588 806 3

317 825 399 861 inde
417 827 557 873 partitis
571 831 622 862 3α
638 840 701 874 per
715 832 776 869 ἐξα,
797 834 954 863 remanet
976 833 991 863 1
1002 841 1046 871 ας
1075 840 1138 875 per
1156 829 1251 875 quod
1270 828 1410 875 partitis
1425 832 1486 869 Qa,
1501 828 1591 863 nihil

315 898 483 926 remanet.
536 892 642 927 Unde
660 898 710 927 5a
729 898 763 928 et
780 897 831 928 3a
848 907 919 928 non
942 894 1074 929 habent
1095 894 1263 940 majorem
1285 893 1491 940 partitorem
1515 894 1589 928 uni-

320 962 401 998 tate,
430 970 491 992 seu
521 962 591 1001 la,
620 971 683 1005 per
710 960 805 1005 quod
831 959 859 994 si
885 959 1096 1006 partiantur,
1116 958 1297 994 habebunt
1314 972 1350 993 se
1376 959 1526 994 invicem
1553 965 1590 994 ut

314 1021 457 1057 discreti
474 1023 613 1058 numeri
631 1029 653 1058 5
671 1031 706 1059 et
723 1027 757 1065 3,
777 1030 816 1059 ut
832 1030 953 1071 postea
971 1037 1032 1059 suo
1045 1024 1120 1059 loco
1138 1024 1288 1070 amplius
1306 1024 1453 1059 dicetur.

216 1152 353 1186 Verum
377 1152 436 1187 hie
459 1165 678 1200 summopere
704 1155 899 1189 cavendum
921 1160 974 1189 est
995 1168 1015 1188 a
1039 1153 1228 1200 partitione
1254 1153 1586 1189 incommensurabi-

168 1215 253 1250 lium
279 1217 528 1262 quantitatum,
549 1219 648 1264 eujus
672 1219 790 1254 nullus
807 1218 845 1253 in
870 1224 1041 1254 aeternum
1066 1218 1134 1253 erit
1159 1218 1250 1259 finis,
1271 1224 1310 1252 ut
1331 1231 1393 1253 suo
1414 1219 1489 1253 loco
1512 1231 1587 1265 per-

168 1280 327 1327 spicuum
345 1282 478 1317 evadet.

362 1347 413 1382 Ut
431 1347 577 1388 denarii,
599 1353 633 1382 et
651 1361 721 1382 suae
739 1348 961 1395 bipartientis
980 1348 1120 1389 radicis,
1141 1361 1247 1394 quam
1264 1348 1420 1383 radicem
1438 1349 1586 1394 quadra-

315 1417 387 1446 tam
412 1418 549 1453 vocant,
577 1413 676 1447 nulla
700 1414 896 1460 reperietur
921 1413 958 1448 in
986 1419 1158 1448 aeternum
1176 1414 1370 1448 eommunis
1395 1426 1582 1456 mensura3

311 1476 422 1510 multo
439 1476 556 1511 minus
574 1477 724 1523 partitor
742 1477 800 1513 ille
817 1477 1002 1519 maximus,
1023 1484 1062 1513 ut
1080 1491 1142 1513 suo
1159 1479 1246 1513 loeo.

214 1605 305 1638 Cum
332 1605 490 1640 terminis
514 1605 850 1643 inabbreviabilibus
878 1614 1046 1654 tanquam
1064 1606 1276 1642 abbreviatis
1303 1619 1423 1642 eorum
1447 1607 1584 1642 defectu

164 1675 215 1702 est
233 1670 459 1715 operandum.

214 1734 349 1769 Habito
375 1735 528 1771 maximo
551 1737 728 1771 communi
745 1737 907 1779 divisore,
937 1743 972 1772 et
993 1750 1056 1784 per
1081 1750 1161 1772 eum
1182 1737 1314 1784 partito
1342 1744 1490 1783 utroque
1517 1744 1583 1772 ter-

163 1800 267 1840 mino,
296 1800 458 1836 oriuntur
484 1802 566 1836 novi
593 1802 735 1837 termini
760 1802 981 1845 abbreviati3
1020 1808 1054 1837 et
1080 1802 1156 1837 haec
1182 1803 1338 1849 operatio
1364 1803 1581 1838 abbreviatio

163 1865 303 1900 dieitur.
