1747 2620
601 206 665 237 DE
694 207 821 238 ARTE
846 207 1126 239 LOGISTICA.
1539 212 1577 238 45

205 313 319 354 Unde,
340 313 494 348 radicem
512 313 695 359 aliquoties
714 315 758 349 ab
776 314 909 349 unitate
928 316 1065 355 ducere,
1080 314 1174 349 idem
1188 315 1346 360 estquod
1361 320 1409 349 tot
1424 316 1573 360 aequales

157 377 267 411 radici
285 377 434 413 invicem
453 378 590 412 ducere.

349 442 400 476 Ut
426 442 602 487 superiore
628 443 795 488 exemplo,
823 443 926 477 radix
952 446 1020 477 2235
1048 449 1198 489 quatuor
1223 443 1572 489 multiplicationibus

301 506 516 552 simplicibus
531 508 574 541 ab
589 507 722 542 unitate
734 508 884 549 ducitur,
898 514 932 542 et
942 509 981 542 fit
994 508 1299 554 quadruplicatum
1311 508 1550 547 30198006‘25
1561 524 1570 551 3

299 577 333 605 et
351 571 380 605 si
398 574 478 611 235,
499 575 579 612 235,
600 575 681 613 ι235,
703 578 736 606 et
754 576 835 613 235,
859 573 1007 607 invicem
1025 573 1178 614 duxeris,
1199 573 1292 608 idem
1310 580 1463 619 emerget
1482 574 1570 608 radi·

299 641 427 676 catum,
448 648 508 670 seu
526 636 834 682 quadruplicatum
850 652 858 679 3
888 643 921 672 et
940 637 989 671 ita
1006 638 1049 671 de
1067 637 1154 671 aliis.

203 763 353 798 Radices
384 776 532 810 quarum
562 764 695 799 indices
730 770 811 799 sunt
840 765 1032 811 compositi,
1070 765 1206 800 facilius
1236 778 1298 812 per
1328 772 1572 812 componentes

152 828 378 875 multiplicari
405 834 440 863 et
468 828 605 863 extrahi
635 841 745 875 posse,
776 830 881 874 quam
911 841 974 875 per
1000 830 1208 875 compositos
1238 831 1380 871 indices,
1414 831 1572 876 superius

151 892 316 927 diximus.

346 958 395 993 Ut
421 958 600 1004 superiore
626 959 795 1004 exemplo,
821 959 958 994 facilius
982 965 1033 993 est
1060 958 1260 993 radicaliter
1284 959 1464 1005 duplicare
1488 963 1569 999 ι235,

295 1023 448 1069 fientque
478 1026 622 1065 552253
664 1029 768 1068 atque
802 1023 878 1058 haec
913 1035 1033 1057 rursus
1068 1022 1257 1069 duplicare,
1296 1036 1356 1058 seu
1386 1024 1422 1058 in
1452 1028 1569 1058 552025

296 1089 433 1128 ducere,
465 1087 619 1133 fientque
647 1088 900 1129 3049800625,
933 1087 1092 1134 superius
1123 1088 1453 1134 quadruplicatum:
1490 1101 1571 1123 nam

295 1152 565 1198 quadruplicare
590 1152 684 1186 idem
710 1158 760 1187 est
784 1153 878 1198 quod
902 1153 1119 1199 duplicatum
1143 1153 1333 1199 duplicare.
1388 1154 1477 1188 Item
1502 1154 1571 1187 sint

297 1220 340 1250 10
354 1216 556 1250 radicaliter
571 1216 858 1262 sextuplicanda3
883 1230 924 1251 ea
936 1217 1019 1251 fient
1034 1217 1236 1251 continuat-[1
1250 1217 1293 1251 ab
1308 1217 1442 1252 unitate
1456 1218 1570 1252 multi-

292 1281 658 1327 plicatione,—pri1no
679 1285 747 1323 103
779 1282 931 1316 secundo
954 1286 1031 1322 100,
1056 1281 1298 1327 duplicatum3
1333 1282 1435 1316 tertio
1461 1282 1569 1328 tripli-

292 1351 418 1385 catum,
450 1349 566 1387 1000;
600 1347 725 1390 quarto
750 1345 1068 1391 quadruplicatum,
1099 1350 1239 1389 100003
1276 1346 1399 1392 quinto
1427 1347 1567 1392 quintu-

290 1410 469 1455 plicatum,
509 1414 678 1452 1000003
733 1411 840 1450 sexto,
881 1411 1032 1450 tandem,
1069 1411 1348 1457 sextuplicatum,
1390 1415 1565 1446 1000000.

292 1475 437 1514 Verum,
457 1487 519 1520 per
533 1474 665 1508 dictum
679 1474 935 1520 compendium,
953 1475 982 1509 si
995 1475 1197 1510 radicaliter
1212 1475 1440 1521 triplicaveris
1455 1476 1567 1522 dupli-

289 1544 406 1572 catum
437 1542 515 1578 100,
546 1551 606 1573 seu
634 1538 867 1584 duplicaveris
896 1539 1112 1585 triplicatum
1143 1544 1245 1580 1000,
1279 1541 1458 1586 proveniet
1485 1541 1567 1575 inde

291 1600 560 1646 sextuplicatum
599 1604 787 1643 100000ος
829 1602 933 1646 quam
968 1607 1071 1636 antea
1105 1601 1324 1648 aliquantum
1359 1602 1565 1648 expeditius.

293 1665 391 1698 Idem
416 1664 509 1698 enim
533 1670 585 1698 est
611 1664 842 1711 sextuplicare
866 1665 1068 1700 radicaliter
1092 1666 1186 1712 quod
1212 1665 1389 1712 triplicare
1413 1667 1567 1712 duplica-

291 1738 374 1770 tum,
403 1736 463 1764 aut
487 1730 666 1776 duplicare
691 1730 904 1776 triplicatum
928 1730 1067 1765 radicis.
1119 1731 1180 1766 Bis
1205 1731 1298 1766 enim
1323 1731 1401 1772 tria,
1430 1738 1489 1766 aut
1516 1738 1566 1766 ter

291 1796 370 1836 duo,
396 1795 490 1829 idem
513 1800 593 1829 sunt
617 1795 712 1841 quod
734 1808 804 1830 sex.

195 1924 256 1958 Est
287 1930 321 1958 et
352 1924 421 1958 alia
451 1924 614 1959 radicalis
645 1925 892 1971 duplicationis
926 1925 1055 1971 praxis,
1093 1927 1196 1971 quam
1230 1938 1292 1971 per
1326 1925 1564 1960 continuatam

144 1989 493 2034 multiplicationem3
532 1989 708 2031 nimirum,
745 1990 899 2025 radicem
929 1990 1232 2036 multiplicandam
1264 1990 1299 2023 in
1330 1991 1416 2024 duas
1447 1996 1562 2036 partes

143 2054 302 2094 secando,
328 2059 362 2088 et
386 2054 532 2100 duplum
554 2054 718 2101 multipli,
743 2056 838 2101 quod
860 2055 899 2089 fit
921 2068 964 2089 ex
987 2056 1096 2089 ductu
1117 2054 1243 2100 prioris
1266 2055 1302 2088 in
1323 2054 1560 2100 posteriorem,

144 2130 214 2152 una
236 2130 315 2152 cum
339 2119 488 2153 duarum
512 2119 666 2164 partium
693 2119 892 2165 duplicatis,
924 2119 1045 2154 addita
1070 2119 1201 2153 faciunt
1228 2118 1444 2165 duplicatum
1471 2132 1561 2164 quae-

142 2182 257 2216 situm.
