1747 2620
560 412 809 468 LIBER
859 414 1188 471 PRIMUS.

221 575 288 610 DE
324 574 834 610 COMPUTATIONIBUS
869 574 1261 616 QUANTITATUM
1296 575 1536 611 OMNIBUS

378 654 667 691 LOGISTICAE
702 654 988 690 SPECIEBUS
1023 655 1384 691 COMMUNIUM.

748 939 949 978 CAPUT
991 939 1022 978 Ι.

536 1064 591 1092 DE
615 1063 1036 1091 COMPUTATIONIBUS
1061 1063 1215 1090 PRIMIS.

213 1176 416 1210 LOGISTICA
435 1180 486 1209 est
505 1186 561 1208 ars
580 1174 668 1208 bene
687 1173 926 1220 computandi.

212 1307 463 1341 COMPUTATIO
482 1311 535 1340 est
553 1305 643 1340 aetio
662 1318 723 1339 seu
746 1305 902 1351 operatio
920 1317 998 1350 quae
1022 1317 1064 1338 ex
1087 1303 1248 1350 pluribus
1267 1303 1533 1350 quantitatibus,
1555 1313 1585 1338 et

163 1372 400 1418 quantitatum
417 1370 694 1417 proprietatibus
713 1370 814 1410 datis,
836 1370 984 1416 quaesita
1000 1369 1145 1404 invenit.

214 1438 357 1472 Dantur
376 1442 491 1471 autem
511 1442 571 1470 aut
590 1435 701 1470 vocali
719 1435 969 1475 nominatione,
989 1440 1050 1469 aut
1067 1434 1237 1481 graphica
1253 1434 1443 1469 notatione.

214 1503 318 1538 Unde
343 1502 378 1536 in
404 1501 499 1536 omni
524 1501 702 1547 Logisticst
719 1501 835 1547 primo
853 1500 1047 1546 procedunt
1064 1499 1259 1534 nominatio
1277 1506 1311 1534 et
1328 1499 1483 1540 notati03
1510 1513 1589 1534 mox

164 1581 242 1603 cum
261 1568 310 1603 eis
329 1567 483 1602 succedit
501 1566 726 1613 computatio.

213 1698 438 1745 Computatio
457 1703 575 1732 autem
593 1704 644 1732 est
663 1697 810 1743 simplex
829 1696 883 1731 vel
901 1696 1103 1742 composita.

214 1764 368 1810 Simplex
389 1770 441 1798 est
465 1762 689 1809 computatio,
713 1775 791 1808 quae
815 1775 857 1796 ex
879 1762 1016 1796 duabus
1038 1761 1129 1796 datis
1154 1761 1294 1796 tertiam
1316 1760 1419 1795 unica
1437 1768 1495 1794 aut
1517 1761 1589 1794 uni-

163 1830 265 1864 moda
288 1829 490 1876 operatione
512 1828 656 1863 invenit.

214 1895 368 1942 Simplex
387 1894 601 1941 computatio
619 1894 674 1928 vel
692 1900 743 1928 est
761 1893 875 1940 prima
893 1893 947 1927 vel
965 1898 1053 1927 orta.

214 1961 333 1995 Prima
350 1967 401 1995 est
420 1959 645 2006 computati0‚
666 1972 744 2005 quae
762 1958 995 2005 quantitatem
1017 1970 1097 1992 cum
1115 1957 1311 2003 quantitate
1330 1957 1434 1991 semel
1454 1963 1588 1990 tantum

166 2032 355 2072 computat.

361 2090 481 2136 Atque
500 2090 584 2131 haec,
601 2102 644 2124 ex
664 2089 779 2130 totius,
800 2089 920 2135 partiS‚
937 2095 971 2123 et
988 2088 1147 2127 residuae,
1168 2087 1304 2121 duabus
1321 2086 1587 2132 quibuscunque

310 2155 412 2196 datis,
433 2155 573 2190 tertiam
591 2166 836 2200 quamcunque
858 2153 1014 2187 invonit:
1045 2152 1152 2193 Quod
1170 2164 1249 2185 mox
1268 2150 1401 2197 patebit
1419 2150 1585 2196 exemplis

311 2220 613 2267 subsequentibus.
