1747 2620
179 217 217 244 48
630 215 694 246 DE
720 216 848 247 ARTE
872 216 1148 248 LOGISTICA.

181 334 260 356 cum
282 334 344 356 suo
366 334 508 356 munere
531 322 636 357 etiam
658 322 824 368 fungatur
841 322 1097 368 multiplicatio.
1151 323 1194 357 In
1211 323 1265 358 his
1283 329 1408 364 autem,
1428 325 1592 370 multipli-

180 386 270 420 catio
287 386 459 426 radicalis,
481 398 557 431 quae
576 387 620 420 ab
639 385 771 420 unitate
789 385 826 419 in
844 386 1050 427 radicatum,
1067 392 1126 421 aut
1143 387 1297 433 partitio,
1315 400 1392 433 quae
1406 390 1424 422 a
1437 389 1593 424 radicato

179 450 215 484 in
242 450 410 484 unitatem
434 449 576 497 praecise
598 462 668 483 non
685 449 820 489 incidit,
845 449 985 484 inutiles
1004 456 1094 485 sunt.
1148 450 1316 497 Arguunt
1332 452 1425 486 enim
1443 452 1592 487 oblatam

179 514 331 548 radicem
349 526 418 548 non
436 526 509 548 esse
527 513 716 559 perfectam
733 513 887 548 radicem
904 513 1062 548 radicati.

714 685 915 725 CAPUT
956 685 1055 724 VII.

263 801 318 827 DE
342 800 622 828 INVENIENDIS
646 801 829 829 REGULIS
852 801 1199 829 EXTRACTIONUM
1224 802 1506 830 RADICALIUM.

229 902 540 940 UNitJSCUJUSQUE
581 901 709 936 radicis
749 902 891 948 propria
928 907 990 941 est,
1033 908 1067 935 et
1108 903 1340 947 particularis,
1385 903 1591 937 extrahendi

175 966 305 1012 regula.

224 1030 363 1076 Regula
388 1042 535 1075 quaeque
561 1029 784 1064 extractionis
811 1030 969 1064 consistit
994 1030 1031 1064 in
1057 1030 1266 1065 resolutione
1292 1030 1439 1065 radicati
1466 1032 1501 1065 in
1530 1044 1592 1066 sua

176 1094 425 1140 supplementa.

223 1158 510 1204 Supplementum
528 1163 589 1198 est,
610 1158 808 1192 differentia
825 1159 975 1192 duorum
992 1158 1228 1194 radicatorum
1246 1160 1400 1205 ejusdem
1418 1159 1555 1205 speciei.

370 1222 420 1256 Ut
443 1222 512 1256 sint
535 1221 693 1256 radicata
714 1223 869 1268 ejusdem
892 1222 1019 1268 speciei
1040 1226 1108 1257 100
1130 1228 1164 1257 et
1184 1227 1276 1266 1443
1306 1222 1476 1262 videlicet,
1503 1223 1590 1257 illud

320 1286 535 1332 duplicatum
557 1290 610 1327 10,
639 1292 673 1320 et
696 1286 761 1321 hoc
785 1287 1001 1332 duplicatum
1023 1291 1090 1329 1‘23
1119 1287 1318 1322 differentia
1334 1288 1590 1334 duplicatorum

322 1355 388 1385 100
405 1357 439 1385 ct
461 1355 528 1385 144<
551 1357 603 1385 est
628 1355 684 1391 44,
711 1363 788 1396 quae
813 1357 893 1385 sunt
916 1364 1034 1386 verum
1061 1352 1339 1398 supplementum
1365 1352 1590 1398 praefatorum

319 1415 564 1450 radicatorum.

222 1545 471 1591 Supplementa
496 1557 578 1591 ergo
601 1545 791 1585 variantur,
821 1552 924 1591 prout
952 1546 1189 1580 radicatorum
1214 1551 1248 1580 et
1274 1546 1432 1581 radicum
1459 1546 1588 1591 species

173 1611 276 1644 variae
299 1610 438 1644 fuerint.
492 1609 577 1643 Alia
602 1610 694 1644 enim
720 1616 771 1644 est
797 1610 919 1656 regula
943 1610 1144 1645 inveniendi
1170 1611 1410 1656 supplementa
1435 1610 1588 1655 duplica-

173 1674 286 1715 tionis‚
315 1681 349 1708 et
375 1674 599 1708 extractionis
626 1674 754 1709 radicis
780 1674 1010 1720 bipartientis,
1035 1675 1104 1709 alia
1127 1674 1379 1721 triplicationis,
1402 1681 1436 1708 et
1457 1680 1587 1709 extrac-

173 1739 275 1773 tionis
294 1739 421 1773 radicis
444 1738 684 1784 tripartientis,
712 1739 782 1773 alia
804 1739 1150 1785 quadruplicationis,
1176 1745 1210 1773 et
1232 1738 1455 1773 extractionis
1479 1739 1586 1783 quad-

171 1803 396 1849 rupartientis
414 1803 542 1836 radicis
558 1818 567 1845 3
596 1808 630 1836 et
647 1802 697 1836 ita
714 1802 928 1848 reliquarum
945 1803 1110 1837 omnium.

222 1868 386 1913 Regulas‚
407 1873 533 1907 autem,
554 1866 754 1901 inveniendi
772 1867 926 1901 omnium
948 1867 1182 1901 radicatorum
1209 1873 1243 1901 et
1268 1867 1425 1901 radicum
1451 1867 1584 1913 supple-

172 1939 298 1972 menta,
334 1932 434 1966 docet
464 1931 612 1965 Tabella
645 1937 764 1965 nostra
798 1931 1033 1977 triangularis,
1070 1931 1193 1965 areolis
1223 1931 1412 1977 hexagonis
1446 1932 1582 1972 referta,

172 1999 390 2032 dextrorsum
413 1995 589 2041 inscriptis
607 1995 740 2029 unitate
759 1995 839 2035 sols,
865 1995 1101 2030 sinistrorsum
1120 1997 1200 2029 vero
1217 1996 1370 2030 numeris
1389 1997 1433 2030 ab
1451 1996 1584 2030 unitate

173 2061 314 2096 unitatis
341 2061 554 2095 incremento
580 2059 825 2099 crescentibus,
854 2065 888 2093 et
911 2060 930 2092 a
951 2060 1078 2094 vertice
1100 2060 1413 2102 descendentibus3
1447 2066 1480 2095 et
1507 2073 1583 2106 quae

172 2128 359 2161 introrsum
388 2125 494 2159 habet
523 2123 739 2170 singularum
771 2124 965 2158 areolarum
995 2137 1189 2164 numerum,
1219 2137 1390 2170 quemque
1416 2125 1581 2170 aequalem

172 2192 305 2225 (luobus
323 2189 477 2224 numeris
494 2188 651 2234 proxime
669 2188 904 2234 superpositis.
