1747 2620
612 214 675 245 DE
701 213 829 244 ARTE
856 214 1132 245 LOGISTICA.
1545 213 1582 241 23

693 461 893 500 CAPUT
925 461 1049 499 VIII.

297 595 352 622 DE
377 593 797 622 COMPUTATIOMBUS
819 593 1145 627 QUANTITATUM
1169 591 1445 619 FRACTARUM.

211 712 449 746 Annl'rmxsss
479 717 513 745 et.
543 711 814 746 substractiones
845 716 925 745 sunt
955 710 1164 745 fractionum
1194 710 1349 756 ejusdem
1380 707 1579 742 denomina-

161 777 274 811 tionis.

210 841 247 876 Si
265 841 410 876 diversae
428 846 508 875 sunt
527 835 830 880 denominationis,
851 840 897 874 ad
913 839 1059 874 eandem
1077 839 1300 873 reducantur.

211 906 445 940 Reducuntur
479 911 604 946 autem,
641 905 778 951 partitis
814 904 995 950 utriusque
1029 903 1349 938 denominatoribus
1383 914 1445 948 per
1480 914 1579 936 suum

159 971 351 1005 maximum
377 983 596 1005 communem
621 969 837 1016 partitorem,
865 968 994 1003 notatis
1021 968 1146 1014 quotis.

210 1037 298 1070 Inde
322 1035 588 1082 multiplicando
611 1041 776 1081 utrosque
799 1033 965 1069 terminos
988 1033 1114 1080 prioris
1142 1033 1179 1067 in
1208 1038 1353 1078 quotum
1380 1032 1580 1078 posterioris

159 1101 441 1141 denominatoris,
472 1106 506 1135 et
531 1100 570 1134 fit
595 1112 686 1134 nova
710 1099 831 1146 prior3
861 1108 895 1133 et
916 1104 1082 1144 utrosque
1105 1097 1271 1132 terminos
1294 1096 1495 1143 posterioris
1518 1108 1581 1142 per

160 1172 304 1212 quotum
322 1165 448 1212 prioris
470 1164 753 1205 denominatoris,
779 1170 813 1199 et
835 1164 875 1199 fit
897 1177 988 1199 nova
1008 1163 1180 1210 posterior
1202 1163 1358 1209 ejusdem
1381 1161 1579 1196 denomina-

159 1231 273 1265 tionis.

354 1295 405 1330 Ut
424 1295 495 1329 sint
512 1296 631 1330 fraotae
649 1297 673 1342 ξ
690 1300 723 1329 et
741 1295 764 1341 ἦ
782 1295 827 1329 ad
845 1294 991 1328 eandem
1009 1293 1327 1327 denominationem
1344 1292 1552 1326 reducendae
1569 1307 1577 1333 3

304 1361 609 1396 denominatorum
631 1363 653 1394 3
677 1365 711 1394 et
737 1364 759 1398 9
783 1359 975 1394 eommunis
1002 1358 1174 1393 maximus
1202 1357 1352 1404 partitor
1378 1362 1430 1391 est
1455 1360 1488 1397 3,
1518 1369 1580 1403 per

306 1438 384 1471 quae
403 1425 523 1459 divisis
542 1423 875 1464 denominatorffius,
891 1423 1052 1457 oriuntiu·
1072 1427 1088 1456 1
1108 1435 1172 1468 pro
1188 1422 1315 1468 priore,
1331 1428 1365 1456 et
1382 1425 1404 1455 3
1423 1433 1486 1467 pro
1504 1434 1579 1466 pos-

306 1490 433 1524 teriore
447 1505 455 1531 3
485 1489 622 1530 deinde,
637 1488 878 1534 multiplicatis
893 1490 925 1535 ξ,
943 1493 1090 1533 utroque
1105 1487 1263 1527 termino,
1279 1499 1341 1533 per
1354 1486 1580 1532 posteriorem

304 1560 451 1600 quotum
468 1558 501 1594 3,
522 1554 684 1588 oriunttu·
701 1555 724 1600 θ
741 1565 805 1600 pro
822 1553 938 1599 priore
955 1555 1054 1587 nova.
1107 1552 1164 1586 Sic
1184 1551 1451 1597 multiplicando
1473 1551 1496 1597 g-
1518 1563 1580 1597 per

304 1619 474 1653 unitatem
488 1618 632 1664 (prioris
647 1618 777 1653 scilicet
793 1618 966 1663 quotum),
980 1617 1069 1651 fiunt
1082 1617 1104 1663 ἦ
1118 1617 1273 1662 ejusdem
1287 1615 1580 1650 denominationis

302 1696 381 1718 eum
398 1685 432 1730 θ.

210 1814 350 1848 Harum
359 1814 433 1859 jam
447 1814 602 1859 ejusdem
617 1812 919 1853 denominationis,
936 1813 1112 1847 addantur
1125 1817 1159 1846 et
1173 1811 1443 1846 substrahantur
1460 1824 1576 1845 nume-

158 1886 291 1914 ratores
314 1878 406 1919 novi,
432 1884 567 1913 retento
589 1891 678 1913 novo
702 1884 736 1913 et
759 1877 935 1913 communi
960 1877 1232 1917 denominatore,
1264 1882 1297 1910 et
1318 1876 1461 1911 habebis
1480 1876 1575 1910 addi-

158 1944 261 1979 tionis
280 1949 399 1985 totam,
421 1950 454 1978 et
472 1943 736 1979 substractionis
753 1943 939 1978 residuam.

352 2009 403 2044 Ut
432 2009 610 2055 superiore
634 2009 791 2055 exemplo
815 2009 989 2043 addantur
1010 2008 1092 2043 novi
1114 2013 1351 2042 numeratores
1375 2005 1396 2039 6
1420 2012 1452 2039 et
1479 2011 1512 2046 7,
1542 2012 1575 2040 et

302 2074 465 2109 oriuntur
488 2078 541 2116 13,
568 2088 655 2121 quae,
676 2087 755 2109 cum
773 2074 1034 2109 denominatore
1053 2072 1229 2108 communi
1246 2075 1278 2111 9,
1299 2070 1431 2105 faciunt
1448 2071 1492 2124 ¹3⁷2
1512 2082 1575 2116 pro

303 2139 492 2173 additionis
512 2142 592 2174 tota.
630 2139 687 2174 Sic
705 2139 734 2173 si
752 2139 982 2174 substraxeris
1001 2140 1023 2185 93
1041 2151 1083 2172 ex
1101 2139 1134 2184 ᾗ,
1155 2135 1346 2171 remanebit
1364 2135 1387 2181 ΓΙ,
1406 2135 1576 2169 substrac-

301 2204 404 2238 tionis
426 2204 575 2238 residua.
