1747 2620
565 204 628 234 DE
654 204 782 234 ARTE
808 204 1087 236 LOGISTICA.
1500 207 1537 236 49

304 310 357 345 Sit
379 311 595 357 triangulum
618 311 731 352 ABC,
757 311 913 358 angulos,
940 311 975 346 A
995 311 1187 352 sinistrum,
1215 312 1244 345 B
1263 311 1475 351 verticalcm,
1502 318 1535 346 et

254 376 282 410 C
315 377 488 416 dextrum,
521 376 664 411 habens.
723 377 820 418 Quot
855 382 971 411 autem
1002 376 1161 411 radicum
1193 376 1325 422 specics
1356 376 1535 410 desideras

252 440 415 475 tabellam
434 440 740 487 comprehendere,
764 453 827 487 per
849 441 903 475 bis
926 446 977 475 tot
999 447 1126 487 partes,
1149 441 1227 487 plus
1252 443 1329 481 unii,
1354 440 1534 475 dividatur

250 506 414 550 quodque
432 506 522 540 latus
537 521 546 548 3
571 518 655 552 v.g.‚
672 506 717 540 ad
730 506 915 540 duodecim
929 506 1186 541 extractionum
1205 506 1336 552 species
1354 505 1532 540 continen-

251 570 345 609 dum,
371 569 550 604 dividatur
572 570 736 615 quodque
763 570 854 604 latus
882 570 919 604 in
943 575 988 604 <25
1013 571 1164 616 aequales
1192 577 1334 617 partes;
1372 577 1415 611 et,
1446 570 1531 604 inei-

248 634 376 679 piendo
399 648 418 667 ι
441 634 517 669 basi
536 634 616 675 AC,
636 647 700 680 per
717 635 857 681 singula
875 636 1011 670 alterna
1028 641 1159 682 puncta
1175 636 1324 670 laterum
1343 637 1527 677 ducantur,

249 698 343 732 intra
367 698 594 745 triangulum,
624 698 727 733 linea}
750 699 935 734 duodecim
960 700 1037 735 basi
1058 701 1260 746 parallelae3
1294 701 1399 735 simili
1425 703 1528 736 modo

246 763 392 809 incipies
427 777 444 796 -ι
480 763 587 797 latere
624 762 703 803 AB,
740 769 774 797 et
808 764 840 798 ei
875 764 1060 799 duodecim
1093 766 1289 811 parallelas,
1326 767 1345 800 a
1379 766 1525 812 singulis

244 828 388 862 alternis
415 828 554 874 punctis
582 827 686 869 basis,
718 840 782 874 per
811 828 951 875 singula
980 829 1116 864 alterna
1142 837 1275 876 puncta
1300 831 1419 866 lateris
1449 832 1523 871 BC,

242 901 313 927 tam
348 893 442 927 intra
476 893 692 939 triangulum
726 894 831 939 quam
866 894 960 929 ultra
992 894 1123 929 lineam
1158 896 1232 936 BC,
1273 896 1376 942 digiti
1411 897 1524 942 spatio

242 959 433 1000 extendes,
462 959 584 993 eodem
607 971 748 1004 prorsus
771 959 886 999 modo,
911 959 1014 994 lateri
1032 959 1106 1000 BC,
1133 961 1317 995 duodecim
1339 962 1523 1007 parallelas

241 1024 259 1056 a
283 1023 430 1069 singulis
458 1023 603 1058 alternis
625 1024 764 1069 punctis
787 1024 891 1064 basis,
922 1030 956 1059 et
983 1037 1046 1071 per
1074 1025 1214 1071 singula
1235 1026 1371 1061 alterna
1392 1034 1523 1072 puncta

240 1088 359 1122 lateris
398 1089 477 1129 BA,
515 1089 609 1123 ultra
639 1089 856 1135 triangulum
891 1089 994 1136 digiti
1029 1090 1142 1136 spatio
1176 1092 1353 1126 extendes.
1424 1093 1521 1126 Hinc

240 1153 347 1188 habes
375 1153 593 1199 triangulum
620 1153 745 1188 areolis
773 1154 966 1201 hexagonis
988 1155 1166 1196 refertum,
1195 1168 1343 1202 quarum
1371 1161 1414 1191 12
1440 1158 1520 1191 dex-

239 1218 342 1258 timae,
380 1224 414 1252 et
444 1218 545 1252 lineae
577 1218 639 1252 BC
671 1218 850 1264 proximae,
890 1223 933 1253 152
964 1219 1158 1255 unitatibus
1189 1221 1369 1267 sigillatim
1399 1222 1520 1256 inseri-

238 1284 395 1325 buntur,
430 1282 612 1317 sinistimae
636 1284 718 1317 vero
746 1283 901 1318 numeris
931 1288 960 1324 1,
991 1288 1023 1325 ⁶2,
1054 1288 1087 1325 3,
1118 1289 1151 1326 4,
1177 1290 1210 1326 5,
1231 1292 1308 1327 etc„
1338 1299 1447 1332 usque
1474 1288 1518 1321 ad

241 1352 294 1388 13,
316 1347 449 1388 ordine,
475 1349 493 1381 εὶ
512 1347 640 1392 vertice
660 1348 690 1382 B
709 1348 754 1383 ad
772 1349 940 1395 angulum
958 1349 1139 1384 sinistrum
1158 1350 1195 1384 A
1213 1351 1515 1392 descendentibus,

237 1412 509 1454 inscribuntur,
559 1413 687 1447 deinde
720 1413 943 1459 hexagonum
983 1415 1147 1460 quodque
1186 1415 1333 1450 interius
1368 1429 1515 1451 vacuum

234 1477 446 1512 inscribatur
481 1484 669 1524 aggregato
703 1478 852 1512 duorum
887 1491 1111 1514 numerorum
1146 1480 1178 1514 ei
1207 1481 1365 1527 proxime
1398 1495 1514 1528 super-

235 1543 452 1588 positorum;
487 1549 523 1576 ut
549 1544 613 1577 sub
637 1547 658 1577 ²2.
682 1550 715 1577 et
743 1548 757 1577 1
785 1544 984 1578 scribantur
1007 1548 1055 1587 33
1088 1546 1153 1580 sub
1175 1549 1198 1579 3
1221 1552 1255 1580 et
1279 1549 1311 1587 3,
1334 1546 1379 1589 63
1410 1549 1474 1582 sub
1492 1552 1514 1582 3

233 1614 265 1641 et
292 1612 321 1647 l,
346 1612 392 1650 4⁴3
425 1614 459 1642 et
484 1607 534 1642 ita
556 1608 592 1641 in
617 1608 747 1642 calcem
772 1621 882 1654 usque
906 1609 1043 1644 tabulae.
1096 1610 1268 1651 Tandem,
1294 1611 1512 1647 ascribantur

234 1672 326 1706 tituli
351 1672 601 1713 sinistrorsum,
637 1679 645 1692 ‘
662 1673 916 1718 praecedentis‚’
944 1686 1051 1720 supra
1076 1676 1268 1709 secundum
1293 1676 1510 1723 hexagonum

231 1741 278 1779 ²23
316 1749 422 1783 supra
445 1737 589 1771 tertium
612 1741 635 1771 3
659 1738 782 1778 scribe,
818 1744 826 1758 ‘
849 1739 1067 1784 duplicatum
1094 1740 1324 1785 praecedentis
1340 1756 1348 1784 3
1363 1743 1371 1756 ²
1407 1755 1511 1788 supra

232 1807 397 1847 quartum
426 1801 549 1842 scribe,
585 1802 828 1848 ‘triplicatum
856 1804 1133 1849 praecedentis3’
1167 1811 1202 1839 et
1225 1805 1274 1840 sic
1302 1807 1345 1840 de
1373 1807 1508 1841 caeteris

229 1866 395 1900 radicatis
426 1867 655 1913 praecedentis
683 1880 792 1914 usque
823 1869 868 1902 ad
896 1869 1249 1915 duodecuplicatum:
1287 1871 1506 1906 dextrorsum

230 1933 310 1965 veri)
345 1931 457 1966 scribe
492 1945 598 1978 supra
632 1932 785 1978 primum
820 1933 1042 1980 hexagonum
1078 1941 1086 1954 ‘
1109 1936 1296 1970 succedens
1314 1952 1322 1979 ;
1341 1939 1349 1951 ’
1401 1949 1506 1982 supra

229 1997 431 2036 secundum,
467 2003 475 2016 ‘
493 1997 709 2042 duplicatum
739 1998 956 2033 succedentis
978 2001 1010 2041 3’
1047 2012 1153 2046 supra
1183 2001 1335 2041 tertium,
1368 2008 1376 2021 ‘
1395 2001 1503 2048 tripli-

227 2068 343 2095 catum
379 2062 639 2105 succedentis5’
675 2069 709 2097 et
740 2062 789 2097 sic
820 2064 863 2098 de
894 2063 1038 2109 reliquis
1073 2064 1239 2099 radicatis
1274 2067 1500 2107 succedentis,

226 2139 334 2172 usquc
358 2127 403 2161 ad
427 2127 748 2173 tredecuplicatum,
769 2135 872 2174 prout
896 2129 931 2162 in
959 2129 1096 2164 tabellae
1119 2129 1227 2175 ipsius
1249 2130 1501 2177 diagrammate

226 2191 422 2237 ¹subscripto
439 2191 558 2226 habes.

779 2270 798 2291 (;
