1747 2620
632 198 695 228 DE
722 198 849 228 ARTE
875 199 1152 231 LOGISTICA.
1562 208 1600 233 55

322 303 452 349 figuras
473 309 551 345 152,
577 306 666 340 factu
683 307 879 351 conjectura}
897 319 939 340 ex
957 307 1069 352 primst
1087 308 1318 354 supplementi
1336 316 1445 355 parto,
1467 310 1595 344 scilicet

320 380 362 402 cx
374 372 396 402 2
403 369 477 414 jam
489 369 639 404 inventis
652 370 748 415 (quae
760 374 807 405 20
818 376 899 405 sunt
910 371 947 405 in
958 371 1024 405 hoc
1037 372 1130 417 loco)
1142 372 1296 418 duplatis
1308 378 1341 406 et
1355 373 1594 419 multiplicatis

322 444 384 477 per
406 433 662 475 inveniendam,
688 435 725 469 id
747 441 808 475 est,
833 440 881 469 40
902 436 1143 482 multiplicatis
1167 449 1229 483 per
1252 438 1505 472 succedentem.
1560 440 1594 473 Si

345 578 380 602 20

362 616 379 632 ⁸)

342 654 380 686 «ᾗ

362 700 379 725 3

317 738 386 771 Τῇ.
430 744 513 771 Prior

320 793 385 819 pars
413 783 516 820 prioris

321 821 515 858 supplementi.

325 868 386 897 129.
415 867 519 894 Totum

319 905 439 941 primum
455 916 518 943 sup-

319 944 496 980 plementuin.

415 1099 472 1129 123

393 1138 510 1181 2222

414 1241 432 1271 a(

413 1279 469 1311 129

334 1413 390 1438 230

374 1452 389 1468 ·)

374 1469 389 1476 .-

335 1495 391 1522 460

371 1545 387 1561 0

313 1582 398 1607 2300.
428 1582 512 1608 Prior

312 1629 376 1655 pars
392 1621 510 1656 posteri-

311 1658 368 1684 oris
400 1659 510 1696 supple-

310 1702 405 1723 luenti.

310 1743 395 1770 2325.
419 1743 523 1770 Totum

308 1780 447 1816 posterius
458 1791 522 1818 sup-

310 1818 489 1854 plementum.

442 1950 521 2016 1230

443 2022 539 2055 5522&

443 2069 537 2105 23'5'

576 664 592 687 3

576 702 593 726 3

573 749 598 775 9.
645 747 789 775 Posterior

595 795 659 821 pars
686 786 788 822 prioris

595 824 789 860 supplementi.

587 1502 603 1525 5

586 1540 602 1564 5
626 1541 628 1543 .

573 1585 618 1611 25.
636 1584 779 1612 Posterior

571 1632 635 1658 pars
658 1624 777 1659 posteri-

571 1660 628 1687 oris
666 1663 775 1699 supple-

572 1706 667 1726 menti.

857 506 973 535 autem
1001 502 1246 546 quaternarius
1277 502 1365 536 foret
1395 504 1593 544 succedens,

856 566 953 611 prior
970 567 1201 613 supplementi
1219 580 1299 614 pars
1318 568 1405 603 foret
1422 569 1500 609 160,
1519 582 1596 615 qua¹

857 632 1029 665 excedunt
1048 636 1136 675 1523
1164 633 1293 678 rejecto
1311 646 1393 679 ergo
1411 640 1594 679 quaterna-

857 695 919 735 rio,
936 696 1097 742 eligimus
1112 698 1303 732 ternarium
1321 698 1357 732 in
1375 698 1439 733 hizc
1453 700 1595 745 periodo

857 760 1114 804 collocandum;
1133 763 1231 809 cujus
1243 764 1521 809 supplementum
1533 766 1594 800 du-

856 825 1064 870 plicationis,
1095 840 1137 861 ex
1158 828 1274 873 priorc
1297 829 1424 869 tabula,
1454 836 1505 864 cst
1528 835 1594 869 129

856 889 1006 934 (scilicet
1025 896 1077 925 ter
1091 896 1148 932 10,
1164 898 1198 926 et
1214 898 1266 927 tcr
1279 895 1320 939 3)
1335 908 1343 936 3
1372 907 1440 939 quo
1458 896 1593 941 supple-

854 960 970 989 mento
998 968 1041 989 ex
1070 960 1137 990 152
1161 957 1287 998 oblato,
1318 966 1502 1005 supersunt
1529 960 1592 995 hoc

853 1019 928 1053 1000
942 1020 1099 1066 reliquiae
1111 1025 1168 1062 ²23,
1185 1035 1245 1056 seu
1257 1023 1302 1057 ad
1313 1023 1472 1058 dextram
1485 1037 1593 1070 usquc

853 1088 958 1125 2325,
973 1091 1007 1120 et
1018 1098 1098 1132 pars
1109 1088 1309 1132 praecedens
1322 1088 1450 1123 radicis
1457 1090 1530 1135 jam
1542 1096 1592 1124 est

852 1152 908 1189 23,
942 1149 996 1184 vel
1021 1154 1093 1185 230
1107 1166 1116 1194 ;
1153 1152 1281 1187 iterum
1304 1166 1387 1200 ergo
1414 1161 1592 1201 repetatur

851 1215 1005 1249 secunda
1022 1216 1187 1261 operatio,
1208 1218 1253 1251 ad
1270 1217 1515 1253 inveniendam
1533 1232 1590 1254 no-

851 1291 930 1313 vam
962 1282 1206 1316 succedentem
1236 1283 1394 1329 figuram,
1427 1285 1590 1320 (lextimae

850 1344 985 1389 periodi
1010 1346 1084 1380 loco
1108 1348 1330 1393 ponendam3
1364 1348 1468 1396 hujus
1492 1362 1589 1384 novae

849 1410 1066 1445 succedentis
1093 1412 1383 1458 supplementum,
1412 1415 1588 1460 quodcun-

848 1486 916 1518 que
934 1474 979 1509 sit
996 1475 1163 1517 futurum,
1190 1483 1324 1512 constat
1343 1479 1422 1524 (per
1438 1479 1587 1525 primam

849 1538 1022 1584 tabulam)
1057 1542 1329 1586 praecedentium
1364 1546 1435 1577 230
1469 1545 1584 1591 duplo,

847 1602 979 1638 scilicet
997 1605 1078 1645 460,
1099 1606 1331 1652 multiplicato
1348 1607 1385 1641 in
1402 1610 1586 1644 succeden-

846 1674 925 1709 tem,
942 1674 976 1703 et
994 1671 1211 1705 succedentis
1230 1671 1408 1717 duplicato
1424 1688 1433 1715 ;
1462 1680 1498 1708 at
1515 1675 1545 1709 si
1563 1676 1584 1709 6

846 1733 1132 1779 multiplicaveris
1140 1747 1202 1781 per
1208 1735 1289 1776 460,
1295 1738 1467 1773 excedunt
1474 1742 1567 1774 2325
1572 1755 1581 1782 ;

845 1798 983 1844 rejectis
994 1811 1077 1845 ergo
1089 1800 1121 1840 6,
1136 1807 1356 1847 computetur
1367 1803 1583 1849 supplemen-

845 1868 920 1896 tum
954 1863 1108 1909 quinarii
1123 1880 1132 1907 3
1175 1865 1320 1911 eritque,
1363 1880 1405 1901 ex
1443 1869 1579 1910 tabulis,

843 1931 949 1968 2325,
966 1929 1115 1973 (scilicet
1134 1930 1319 1976 quinquies
1338 1931 1419 1972 460,
1436 1939 1469 1967 ct
1483 1934 1581 1979 quin-

842 1992 942 2038 quies
972 1995 1013 2039 5)
1044 1994 1170 2040 quibus
1206 1996 1330 2030 ablatis
1364 2009 1406 2031 ex
1438 1998 1581 2033 totidem

843 2059 1081 2104 suprapositis,
1106 2059 1195 2093 nihil
1217 2067 1396 2106 superest,
1428 2068 1462 2096 et
1479 2064 1580 2098 radix

842 2122 1034 2169 bipartiens
1053 2128 1134 2165 2235,
1151 2126 1225 2170 jam
1243 2125 1347 2171 plena
1363 2132 1397 2161 et
1414 2128 1576 2173 perfecta,

839 2188 981 2222 emersit
999 2189 1107 2223 oblati
1125 2190 1261 2224 numeri
1279 2195 1408 2226 55225.
