1747 2620
191 223 226 251 10
635 222 698 252 DE
723 222 849 252 ARTE
873 222 1146 254 LOGISTICA.

239 330 445 365 RADICALIS
474 329 653 363 PARTITIO
677 334 729 362 est
750 328 899 362 radicati
920 339 982 373 per
1008 328 1161 362 radicem
1188 327 1330 373 partitio
1356 328 1393 361 in
1420 329 1587 363 unitatem

189 405 297 439 usque
315 393 524 433 continuata,
545 397 579 426 et
594 403 759 426 numerus
775 390 1003 436 partitionum
1019 396 1070 425 est
1087 391 1192 426 index
1209 391 1382 436 quaesitus.

380 457 430 492 Ut
453 456 647 491 radicatum
671 459 691 489 8
714 454 882 500 partitum
902 467 964 500 per
986 455 1139 490 radicem
1161 459 1194 495 Q,
1220 467 1328 500 usque
1348 455 1384 489 in
1407 456 1585 497 unitatem,

331 521 412 555 facit
429 520 540 566 prima
556 518 743 565 partitione
760 523 793 558 4,
817 519 967 553 secunda
982 519 1169 564 partitione
1187 522 1219 559 Q,
1240 525 1273 553 et
1291 519 1391 553 tertia
1411 523 1440 553 1.
1484 519 1587 554 Unde

330 584 512 624 ternarius,
531 595 695 617 numerus
713 581 843 617 scilicet
859 582 1097 628 partitionum,
1117 589 1168 617 est
1185 582 1290 617 index
1307 583 1481 628 quaesitus.

236 712 307 746 Hic
336 711 491 746 indicum
521 716 554 745 et
584 710 739 745 radicum
767 709 896 756 species
924 716 1013 750 sunt,
1044 716 1082 744 ut
1109 723 1213 756 supra
1239 711 1275 744 in
1302 711 1586 756 multiplicatione

185 775 338 810 radicali.

730 928 929 968 CAPUT
968 928 1044 967 IV.

579 1052 635 1079 DE
657 1052 862 1080 RADICALI
883 1051 1196 1079 EXTRACTIONE.

234 1161 390 1195 RAD1c1s
414 1172 633 1200 EXTRACTIO,
662 1161 742 1194 dato
768 1160 892 1200 indice,
913 1165 963 1194 est
980 1160 1133 1194 inventio
1150 1159 1353 1205 quantitatis
1372 1171 1448 1204 quae
1466 1161 1586 1194 datum

182 1225 375 1259 radicatum
393 1224 538 1259 radicali
554 1224 840 1270 multiplicatione
857 1224 1008 1259 restituit
1024 1239 1033 1266 3
1061 1224 1222 1269 idemque
1239 1223 1383 1258 radicali
1400 1224 1585 1270 partitione

183 1289 317 1323 dividit.

375 1353 424 1387 Ut
441 1352 589 1387 radicati
607 1356 628 1386 8
647 1352 676 1386 si
694 1358 869 1398 quaeratur
886 1352 987 1386 radix
1001 1352 1210 1398 tripartiens,
1226 1364 1276 1392 ea,
1291 1364 1352 1398 per
1369 1353 1506 1398 regulas
1523 1366 1584 1386 suo

325 1417 400 1450 loco
426 1417 621 1457 tradendas,
650 1417 844 1451 invenietur
867 1429 939 1451 esse
957 1420 978 1450 Q
995 1431 1003 1459 3
1032 1416 1187 1451 binarius
1204 1416 1296 1450 enim
1313 1416 1458 1450 radicali
1476 1417 1583 1462 tripli-

325 1480 458 1515 catione
482 1480 633 1515 restituit
656 1480 768 1526 primo
786 1484 818 1520 Q,
842 1481 993 1515 secundo
1010 1485 1043 1520 4,
1066 1480 1168 1514 tertio
1187 1484 1207 1514 8
1225 1479 1440 1514 radicatum:
1471 1480 1583 1514 Idem-

325 1556 390 1589 que
408 1544 602 1579 radicatum
620 1550 739 1578 contra
756 1544 901 1578 radicali
917 1543 1103 1590 partitione
1121 1544 1233 1589 primo
1250 1544 1286 1577 in
1304 1548 1336 1584 4,
1353 1544 1478 1578 deinde
1495 1544 1531 1578 in
1549 1549 1581 1584 Q,

326 1608 428 1641 tertio
446 1608 482 1642 in
500 1620 608 1642 unum
626 1607 763 1652 redigit.

231 1735 374 1769 Radicis
391 1736 558 1769 extractio
576 1741 635 1769 aut
653 1741 703 1770 est
719 1735 871 1781 perfecta
888 1741 947 1769 aut
965 1735 1174 1780 imperfecta.

230 1800 396 1839 Perfecta,
417 1799 477 1833 ubi
493 1799 598 1833 nullae
616 1805 798 1844 supersunt
815 1798 981 1844 reliquiae.

373 1863 424 1898 Ut
441 1863 478 1897 in
495 1863 671 1909 superiore
688 1863 854 1909 exemplo.

229 1993 436 2038 Imperfecta
452 1992 543 2031 vero,
563 1991 623 2025 ubi
641 1990 764 2036 aliquae
783 1995 966 2035 supersunt
983 1989 1138 2034 reliquiae
1155 1989 1396 2024 irresolubiles.

372 2056 422 2090 Ut
436 2055 465 2089 si
478 2055 579 2089 radix
593 2054 792 2100 tripartiens
806 2054 910 2088 fuerit
923 2053 1136 2088 extrahenda
1149 2066 1191 2088 ex
1203 2054 1358 2088 radicato
1373 2058 1404 2094 9,
1425 2066 1465 2088 ea
1479 2055 1580 2099 quam

322 2120 477 2165 proxime
494 2119 561 2154 erit
577 2118 742 2158 binarius,
759 2117 819 2163 qui
832 2117 1030 2152 radicaliter
1045 2117 1237 2162 triplicatus
1251 2117 1403 2151 restituit
1417 2121 1448 2157 8,
1465 2124 1497 2151 et
1512 2130 1579 2151 non

323 2190 344 2221 9
361 2199 370 2226 ;
399 2184 517 2218 relicta
534 2195 616 2228 ergo
633 2181 765 2217 unitate
783 2194 851 2216 non
870 2184 1032 2221 extracta,
1048 2181 1247 2227 imperfecta
1260 2181 1388 2215 dicitur
1402 2181 1577 2215 extractio.
