1747 2620
624 203 686 233 DE
713 203 840 234 ARTE
866 203 1144 234 LOGISTICA.
1552 210 1589 240 37

218 310 261 343 In
275 310 472 356 partitione,
490 311 641 351 tandem,
657 311 798 357 majoris
812 311 947 345 numeri
962 324 1025 358 per
1042 311 1222 353 minorem,
1239 313 1445 358 producitur
1462 320 1588 359 quotus

167 387 302 421 semper
320 375 453 410 unitate
471 376 582 422 major
597 391 605 418 3
636 382 670 410 et
687 376 827 422 proprie
844 376 913 411 huc
932 382 1064 422 spectat
1081 377 1157 411 haec
1174 377 1327 423 partitio.

216 440 259 474 In
285 440 351 474 hac
371 440 512 487 majoris
537 454 600 487 per
626 441 794 475 minorem
820 441 1019 487 partitione,
1050 447 1226 488 spectatur
1249 442 1335 477 situs
1361 449 1395 477 et
1419 444 1584 490 operatio,

165 517 315 550 quorum
340 511 486 551 uterque
512 505 637 552 incipit
660 507 680 540 a
702 506 797 546 hev-51,
821 507 1040 541 dextrorsum
1062 508 1217 542 tendens.
1271 508 1364 542 Situs
1387 509 1585 555 aptissimus

164 576 225 610 est,
258 576 297 605 ut
326 570 499 605 sinistima
527 571 706 617 partitoris
734 572 847 617 figura
873 572 937 606 sub
965 572 1136 606 sinistimu
1162 573 1339 619 partiendi
1372 576 1410 607 ea
1438 574 1582 615 minore,

165 643 224 669 aut
243 641 323 669 ante
341 635 549 670 sinistimam
572 635 749 681 partiendi
767 639 805 670 ea
823 637 1000 682 majorem,
1032 637 1273 678 constituatur,
1303 639 1437 673 cfeteris
1463 640 1584 686 figuris

163 700 285 734 ordine
324 701 544 734 dextrorsum
583 700 817 745 sequentibus,
859 707 936 747 post
976 714 1123 747 quarum
1159 703 1349 737 dextimam
1384 703 1583 739 immediate

163 765 307 812 incipiat
325 765 554 811 parenthesis,
583 771 689 810 quoto
707 765 876 811 capiendo
895 766 1092 808 destinata3
1122 772 1154 801 et
1174 768 1237 801 sub
1256 768 1416 803 omnibus
1435 769 1583 803 dueatur

162 831 263 865 linea.

210 896 436 943 Operationis
454 902 605 942 quatuor
623 903 701 930 sunt·
720 903 904 943 praecepta.

211 961 376 1002 Primum,
405 967 444 995 ut
471 961 658 1008 diligenter
678 962 893 1007 exquiratur,
918 962 1053 1007 quoties
1077 963 1226 1008 partitor
1244 964 1390 997 subduci
1409 970 1520 1010 potest
1539 966 1582 999 ab

159 1027 208 1061 eis
233 1039 475 1072 supremarum
502 1027 694 1072 figurarum
721 1026 911 1067 sinistimis,
940 1040 1018 1074 qua=
1045 1040 1151 1073 supra
1172 1041 1320 1062 vacuum
1339 1029 1435 1074 quoti
1454 1029 1578 1070 locum,

159 1091 358 1137 parenthesi
387 1092 595 1138 proximum,
627 1091 883 1126 terminantur:
924 1095 1069 1138 sumpt-21,
1101 1093 1316 1139 plerumque,
1349 1093 1452 1139 hujus
1484 1095 1579 1140 quoti

158 1158 365 1203 conjectura,
407 1169 449 1191 ex
483 1156 604 1203 primis
640 1157 685 1191 ad
718 1158 848 1203 primas
883 1158 1031 1199 relatis,
1077 1157 1214 1198 deinde,
1256 1165 1293 1193 ut
1336 1159 1448 1205 figura
1486 1160 1580 1194 hune

158 1227 302 1266 quotum
332 1227 466 1261 notans,
499 1221 668 1267 proximo,
698 1228 774 1268 post
805 1222 1009 1268 partitorem
1040 1228 1072 1257 et
1102 1223 1337 1268 parenthesin,
1369 1236 1476 1258 vacuo
1505 1225 1579 1259 loeo

157 1286 398 1321 constituatur.

206 1353 415 1393 Secundum,
445 1358 483 1386 ut
510 1358 602 1386 totus
629 1352 787 1398 partitor,
818 1353 854 1386 in
885 1352 976 1387 hanc
1005 1353 1154 1399 figuram
1184 1354 1281 1399 quoti
1312 1367 1431 1389 recens
1462 1355 1577 1400 acqui-

156 1417 268 1457 sitam,
301 1417 563 1463 multiplicetur,
597 1423 629 1451 et
659 1417 858 1463 multiplum
891 1430 951 1451 suo
984 1417 1100 1452 debito
1130 1418 1215 1458 loco,
1248 1431 1310 1464 per
1334 1432 1407 1465 cap.
1433 1423 1465 1459 3,
1499 1432 1576 1454 con-

155 1481 331 1516 stituatur.

203 1547 376 1587 Tertium,
409 1554 448 1581 ut
478 1547 543 1581 hoc
573 1560 692 1582 recens
720 1548 930 1594 multiplum,
963 1561 1005 1582 ex
1033 1549 1202 1594 supremis
1233 1549 1353 1595 figuris
1384 1549 1415 1583 ci
1446 1550 1576 1585 directe

155 1611 390 1657 superpositis,
419 1612 674 1653 substrahatur,
701 1618 805 1657 atque
827 1613 949 1647 deletis
971 1613 1076 1647 etiam
1102 1613 1235 1660 figuris,
1261 1620 1295 1648 et
1313 1614 1516 1649 substractis
1543 1622 1574 1649 et

153 1689 194 1711 ex
216 1677 343 1722 quibus
365 1677 649 1717 substrahuntur,
674 1683 942 1723 supernotentur
963 1678 1122 1719 residuae,
1144 1691 1207 1724 per
1229 1692 1304 1725 cap.
1328 1683 1350 1713 ⁶2
1370 1679 1484 1725 hujus,

202 1743 390 1783 Quartum,
415 1748 453 1776 ut
474 1748 679 1788 repetantur
698 1742 752 1777 hae
775 1748 844 1777 tres
867 1743 1095 1789 operationeS,
1125 1756 1234 1790 usque
1253 1757 1322 1790 quo
1340 1750 1450 1779 totum
1468 1746 1573 1791 parti-

152 1808 281 1841 endum
298 1807 465 1848 deleatur,
486 1813 520 1842 et
537 1808 687 1848 residua,
708 1820 768 1842 seu
785 1808 953 1854 reliquiae,
970 1814 1030 1843 aut
1043 1809 1149 1844 nullae
1163 1815 1223 1844 aut
1236 1809 1405 1855 partitore
1422 1810 1572 1845 minores

151 1872 331 1918 prodeant,
360 1873 514 1918 dumque
532 1872 637 1907 etiam
654 1872 752 1907 nulla
769 1873 867 1919 quoti
885 1874 970 1914 loca,
999 1886 1108 1920 usque
1126 1874 1163 1908 in
1182 1875 1371 1909 dextimam
1397 1876 1570 1921 partiendi

151 1937 309 1983 figuram,
330 1949 442 1972 vacua
466 1937 734 1983 relinquantur,
768 1943 871 1983 atque
898 1939 1049 1979 tandem,
1076 1945 1154 1985 post
1180 1945 1325 1985 quotum
1351 1941 1569 1975 dextrorsum

151 2002 298 2036 ducatur
314 2001 417 2043 linea,
437 2002 494 2036 cui
512 2002 738 2051 superpositae
755 2002 923 2048 reliquiae,
943 2008 978 2038 et
995 2004 1194 2050 suppositus
1212 2004 1351 2044 divisor,
1369 2004 1465 2050 quoti
1479 2005 1569 2052 frag-

150 2072 266 2101 menta
283 2066 418 2101 unitate
436 2068 663 2102 denotabunt.

346 2132 507 2178 Exempli
524 2132 662 2178 gratia:
691 2133 769 2167 Sint
793 2132 969 2179 partiendi
992 2133 1065 2168 dies
1090 2134 1172 2168 anni
1196 2134 1382 2169 bissextilis
1400 2134 1481 2175 366,
1506 2147 1568 2181 per

295 2196 368 2231 dies
392 2196 620 2232 hebdomadis
642 2202 676 2238 7,
703 2203 741 2232 ut
763 2197 893 2232 sciatur
915 2204 999 2243 quot
1026 2197 1095 2232 sint
1116 2198 1153 2232 in
1176 2211 1267 2233 anno
1289 2199 1458 2234 bissextili
1485 2199 1566 2235 heb-
