1747 2620
616 217 680 248 DE
708 217 834 248 ARTE
860 216 1135 248 LOGISTICA.
1551 219 1584 246 81

218 324 314 358 Hinc
339 324 377 359 fit
405 325 499 370 quod
525 324 674 359 otiosum
699 330 733 358 et
760 324 973 370 superfluum
997 324 1095 363 foret,
1123 323 1218 357 hisce
1246 322 1494 369 particularem
1521 323 1586 356 eal-

165 390 283 424 culum
311 397 436 431 texere,
465 403 544 424 cum
570 390 695 424 harum
721 389 934 436 computatio
960 388 1096 423 facilius
1120 388 1326 434 expediatur
1347 400 1409 433 per
1428 388 1586 433 vulgares

165 455 318 501 integros
343 461 377 490 ct
400 456 528 490 fractos
551 467 724 495 numeros,
754 456 858 500 (11151111
879 467 941 501 per
963 466 1041 488 suas
1059 453 1286 500 particulares
1305 453 1432 487 formas
1451 452 1584 491 calculi,

165 520 358 565 praesertim
376 520 608 560 astronomici,
630 520 675 554 ad
692 532 795 565 quem
813 519 919 554 etiam
938 519 1057 554 tabula
1074 518 1211 565 prolixa
1229 518 1455 564 sexagenaria
1473 517 1586 562 requi-

165 585 265 625 ritur,
295 597 365 619 una
388 597 467 619 011111
490 584 648 619 molestia
669 584 863 630 duplicium
886 584 1079 630 figurarum
1100 583 1289 629 unicuique
1313 582 1586 617 denominationi

164 650 409 695 subjectarum,
439 650 499 684 ubi
521 649 743 684 arithmetica
764 649 917 695 vulgaris
942 648 1090 694 requirit
1114 654 1250 683 tantum
1275 648 1414 682 unicam
1438 648 1586 693 figuram

165 714 354 760 unicuique
378 715 463 749 loco.

359 780 409 814 Ut
426 785 522 826 patet
540 779 714 826 expertis:
746 779 839 813 Nam
858 778 993 813 facilius
1012 784 1046 813 ct
1063 778 1165 813 0111115
1185 778 1454 813 astronomicum
1470 778 1587 811 thema

310 845 451 892 vulgato
477 858 572 879 more
599 844 821 879 arithmetico
848 850 1080 890 computatur,
1109 850 1143 878 et
1169 844 1363 884 resolvitur,
1387 845 1490 889 quam
1512 843 1586 889 ipso

310 910 541 945 astronomico
559 910 713 953 calculo;
742 916 870 956 praeter
887 909 993 944 etiam
1011 909 1139 944 tabulae
1157 910 1321 955 praefatae,
1342 915 1375 943 et
1394 909 1587 955 duplicium

309 976 512 1022 figurarum,
543 976 608 1010 sub
635 978 772 1021 quaque
799 974 1092 1015 denominatione,
1122 974 1274 1008 taedium.
1329 974 1491 1019 Namque
1516 974 1587 1008 vul-

307 1041 401 1087 garis
420 1041 642 1076 arithmetica
658 1041 733 1075 loco
750 1040 864 1087 primo
882 1039 1068 1080 unitatum,
1089 1045 1123 1074 et
1140 1039 1216 1074 loco
1234 1039 1386 1074 secundo
1404 1039 1584 1077 denorum,

308 1113 342 1141 et
372 1107 447 1142 loco
478 1106 581 1141 tertio
611 1112 847 1147 centenorum,
884 1111 918 1140 ct
952 1105 1167 1151 reliquorum
1200 1104 1417 1151 singulorum
1450 1104 1585 1138 unicam

310 1178 446 1207 tantum
483 1172 632 1218 figuram
671 1171 708 1205 in
748 1171 895 1218 singulis
932 1170 1016 1205 10015
1057 1169 1248 1205 constituit.
1319 1169 1585 1204 Astronomicus

308 1244 424 1272 autem
455 1237 608 1272 calculus
640 1236 676 1270 in
712 1235 858 1282 singulis
893 1235 963 1270 suis
997 1235 1091 1275 10015,
1130 1240 1201 1269 tam
1232 1235 1450 1269 ascendendo
1481 1236 1583 1279 quam

849 1302 854 1314 Ι
874 1302 885 1315 ll
905 1302 922 1315 W
941 1302 965 1315 sss!

308 1303 560 1343 descendendo,
598 1302 648 1336 510
677 1301 816 1341 notatis,
966 1327 974 1340 ,
1004 1305 1068 1334 010.
1098 1300 1198 1334 binas
1224 1300 1429 1346 plerumque
1456 1300 1584 1345 figuras

308 1368 480 1413 subjectas
504 1366 758 1413 complectitur,
784 1379 863 1412 quae.
886 1366 1004 1401 omnia
1026 1365 1264 1400 confusionem
1286 1365 1440 1411 pariunt.

212 1499 327 1539 Unde,
357 1499 516 1533 omnibus
542 1498 771 1533 ‘fl-actionibus
797 1504 924 1543 praeter
946 1498 1019 1543 jam
1046 1496 1219 1542 expositas
1247 1496 1407 1542 vulgares
1437 1496 1581 1535 omissis,

162 1564 242 1598 huic
269 1563 514 1599 Arithmeticae
538 1563 725 1610 Logisticae
749 1564 853 1597 finem
876 1562 1096 1608 imponimus.

212 1694 318 1729 DEO
346 1700 462 1728 auten]
488 1694 600 1729 OPT.
631 1693 774 1734 MAX„
802 1699 836 1727 et
863 1692 933 1727 suis
958 1692 1125 1727 Numeris
1149 1692 1309 1727 omnibus
1334 1692 1487 1732 Infinito,
1515 1692 1583 1725 Im-

161 1771 289 1799 11101150,
310 1765 344 1793 et
363 1759 531 1799 Perfecto,
555 1758 772 1794 retribuatur
789 1757 901 1792 omnis
918 1758 1004 1798 laus,
1025 1758 1147 1798 honor,
1167 1764 1201 1792 et
1218 1757 1331 1804 gloria
1347 1757 1383 1791 in
1403 1763 1581 1791 aeternum.

163 1823 195 1857 A
200 1836 277 1858 men
283 1851 290 1858 .

635 1970 744 1997 FINIS
769 1969 883 1997 LIBRI
908 1969 1104 1998 SECUNDI.
