1747 2620
159 214 198 241 40

610 209 675 240 DE
700 209 827 240 ARTE
852 209 1130 240 LOGISTICA.

304 317 356 352 bis
375 322 510 351 tantum
528 316 657 350 auferri
674 327 773 361 posse
788 330 797 358 3
825 327 887 360 per
905 318 937 355 ⁴2,
957 327 1050 360 erg0‚
1071 320 1176 360 quoto
1194 314 1360 360 apposita,
1380 314 1575 360 multiplica

305 381 520 427 partitorem,
541 386 574 414 et
590 380 675 414 fient
696 382 942 420 1730182744,
971 391 1014 413 ex
1040 378 1275 424 superioribus
1300 378 1457 424 reliquiis
1484 378 1575 413 aufe-

303 446 422 486 renda,
446 452 480 479 et
498 445 739 489 relinquentur
757 446 982 483 908345940,
1011 455 1053 477 ex
1075 443 1210 488 quibus,
1231 443 1333 477 datus
1351 442 1409 476 ille
1426 443 1574 488 partitor

305 510 410 545 semel
428 516 564 544 tantum
582 508 711 543 auferri
729 514 840 554 potest
856 523 865 551 3
892 520 955 554 per
976 512 1005 549 1,
1025 520 1118 554 ergo,
1139 513 1244 553 quoto
1263 507 1469 554 appositum,
1489 508 1575 541 mul-

305 575 424 621 tiplica
448 574 663 620 partitore1n‚
694 578 727 608 et
753 578 915 619 exsurget
940 572 1013 619 ipse
1039 572 1132 607 idem
1158 572 1308 618 partitor
1334 571 1573 614 8650913723

306 652 375 685 quo
400 652 443 673 ex
469 642 686 677 908345940
708 638 890 678 subducto,
915 637 1162 683 relinquuntur
1182 636 1410 677 432545686,
1436 649 1478 671 ex
1502 637 1575 682 qui-

304 705 369 738 bus
394 703 542 750 partitor
569 702 784 743 865091379,
807 714 851 736 ne
875 702 980 736 semel
1002 701 1144 748 quidem
1165 701 1294 736 auferri
1317 707 1451 747 potest;
1484 701 1573 741 ideo,

304 768 417 814 posito
434 773 458 803 0
474 768 512 802 in
530 773 645 813 quoto,
674 779 806 813 perges,
833 772 867 801 et
884 766 1018 812 quoties
1036 766 1184 813 partitor
1201 766 1258 801 ifle
1277 779 1319 800 ex
1336 765 1577 800 4325456860

305 833 433 868 auferri
454 833 572 879 possit,
602 845 748 878 quaeras,
772 837 806 866 et
823 831 977 866 invenies
1000 831 1037 865 id
1058 831 1242 877 quinquies
1265 831 1341 866 fieri
1367 831 1476 876 (facta
1498 843 1575 865 con-

301 899 435 944 jectura
462 911 525 944 per
553 902 584 938 8,
613 910 692 943 quae
717 909 759 932 ex
785 900 831 931 43
857 896 1042 943 quinquies
1070 896 1199 931 auferri
1226 897 1413 942 possunt);
1449 908 1512 942 per
1540 901 1573 936 5,

305 976 398 1010 ergo,
442 968 547 1009 quoto
585 963 730 1008 adjecta,
773 961 969 1007 multiplica
1007 961 1222 1007 partitorem,
1266 966 1300 995 et
1333 961 1575 1006 producuntur

304 1027 554 1067 4395456860,
583 1040 625 1061 ex
651 1025 886 1072 superioribus
910 1026 1014 1060 etiam
1032 1025 1086 1060 his
1105 1025 1295 1071 aequalibus
1316 1026 1514 1066 auferenda,
1541 1031 1575 1059 et

304 1092 393 1126 nihil
423 1098 579 1138 superest
607 1090 817 1137 reliquium:
864 1090 1023 1125 Perfecta
1051 1095 1102 1125 est
1132 1102 1214 1136 ergo
1243 1090 1318 1124 haec
1347 1089 1499 1136 partitio,
1541 1096 1573 1124 et

305 1161 422 1196 92105
446 1162 526 1191 sunt
547 1161 672 1202 quotus
695 1155 855 1201 integer3
884 1160 987 1200 atque
1012 1155 1181 1201 approbat
1206 1154 1438 1201 penultimum
1463 1167 1574 1189 exem-

304 1222 400 1269 plum
418 1219 728 1268 multiplicationis,
748 1225 782 1254 et
800 1221 844 1254 ab
862 1232 902 1254 eo
920 1221 1143 1267 approbatur.
1197 1220 1253 1254 Ita
1271 1225 1322 1254 est
1339 1219 1381 1253 de
1400 1219 1487 1253 aliis.

722 1392 921 1432 CAPUT
963 1393 1014 1431 V.

292 1510 346 1537 DE
370 1508 782 1537 MULTIPLICATIONIS
805 1508 858 1535 ET
882 1508 1158 1536 PARTITIONIS
1182 1507 1443 1535 COMPENDIIS

710 1571 1025 1599 MISCELLANEIS.

210 1673 585 1707 RIULTIPLICATIONES
603 1684 665 1718 per
686 1675 739 1712 10,
763 1676 841 1712 100,
865 1676 967 1712 1000,
993 1678 1053 1707 aut
1069 1684 1132 1718 per
1149 1672 1218 1706 alia
1235 1684 1277 1706 ex
1295 1671 1428 1705 unitate
1451 1677 1485 1705 et
1508 1672 1571 1705 cir-

159 1738 245 1773 culis
271 1738 406 1784 quotvis
429 1737 587 1777 conflata,
612 1736 712 1771 facile
730 1736 818 1771 fiunt
836 1736 1043 1782 adjiciendo,
1068 1737 1188 1777 solum,
1214 1742 1264 1771 tot
1288 1736 1434 1771 circulos
1457 1736 1571 1770 multi-

160 1803 321 1849 plicando
338 1804 358 1836 ξι
375 1803 508 1842 dextra,
528 1806 612 1847 quot
629 1800 735 1836 habet
752 1800 1011 1847 multiplicator.

353 1867 405 1902 Ut
428 1866 497 1900 sint
520 1865 734 1906 865091372
760 1865 1021 1911 decuplicanda,
1049 1865 1201 1911 fientque
1220 1864 1484 1907 86509137QO;
1513 1872 1573 1900 aut

306 1931 582 1978 centuplicanda,
606 1930 758 1976 fientque
777 1930 1063 1973 865091372003
1092 1935 1152 1964 aut
1169 1942 1232 1976 per
1252 1934 1442 1965 10000000
1458 1930 1572 1965 multi-

303 1997 476 2043 plicanda,
495 2001 530 2030 et
546 1994 750 2041 provenient
768 1994 1162 2036 8650913720000000.

209 2128 351 2167 Contra,
371 2124 513 2172 partitio
535 2128 588 2166 10,
611 2128 688 2165 100,
712 2127 814 2165 1000,
840 2129 900 2158 aut
923 2123 992 2158 alia
1013 2136 1055 2158 ex
1078 2124 1211 2158 unitate
1229 2130 1262 2158 et
1280 2123 1418 2158 circulis
1436 2124 1571 2169 quotvis

161 2192 318 2232 conflata,
342 2190 442 2225 facile
466 2190 506 2224 fit
532 2189 767 2225 abscindendo
788 2194 848 2229 tot,
877 2201 919 2224 ex
945 2188 1107 2224 dextimis
1128 2189 1250 2235 figuris
1270 2188 1456 2235 partiendi,
1487 2194 1570 2234 quot
