1747 2620
152 220 190 247 24
602 216 665 247 DE
691 217 817 248 ARTE
843 217 1120 248 LOGISTICA.

202 323 488 369 Multiplicentur
505 323 610 357 etiam
628 324 757 364 fractae,
780 324 966 369 partiendo
984 323 1138 369 singulas
1156 321 1267 362 binas,
1296 333 1444 367 quarum
1461 321 1572 355 altera

156 396 207 424 est
223 395 435 428 numerator,
451 388 561 422 altera
579 388 831 428 denominator‚
851 388 888 421 in
906 400 1007 422 suum
1026 398 1244 422 communem
1262 385 1447 420 divisorem
1464 386 1572 420 maxi-

154 466 260 493 mum,
275 452 403 487 notatis
422 452 576 486 omnium
596 451 726 485 ultimis
745 451 870 497 quotis,
887 451 1014 486 deinde
1032 450 1297 496 multiplicando
1316 455 1437 495 quotos
1455 462 1572 484 nume-

156 525 312 553 ratorum
334 517 493 557 invicem,
519 522 553 551 et
576 517 665 551 fiunt
687 529 797 550 novus
819 522 1046 558 numerator;
1075 521 1109 550 et
1127 521 1249 561 quotos
1271 514 1573 549 denominatorum

156 583 314 622 invicem,
334 587 368 616 et
385 581 474 615 fiunt
491 593 600 614 novus
619 580 862 615 denominator
879 580 1033 626 multipli
1051 579 1200 625 quaesiti.

352 646 402 680 Ut
428 645 497 680 sint
523 645 671 680 invicem
696 645 971 692 multiplicandae
994 645 1041 692 ΞΞ
1061 650 1095 679 et
1116 645 1213 692 333513
1243 644 1357 690 primo
1374 643 1574 689 partiantur

304 716 346 745 18
373 716 407 745 et
435 714 482 745 ΩΟ
511 722 574 757 per
605 723 706 744 suum
736 723 954 745 communem
984 710 1171 744 divisorem
1200 709 1392 743 maximum
1422 712 1455 748 Q,
1491 709 1575 742 fient

301 777 349 823 ΞΟΠ
367 780 401 809 et
419 776 512 822 {3553
539 774 620 809 inde
638 774 838 820 partiantur
854 779 899 809 10
917 780 950 809 ct
968 778 1014 808 35
1032 786 1095 820 per
1113 779 1146 814 5,
1166 774 1251 807 fient
1269 777 1290 807 Q
1309 778 1342 807 et
1355 778 1388 814 7,
1409 772 1475 806 hoc
1493 772 1572 811 situ,

301 842 324 888 Ξ
341 846 376 875 et
394 841 486 888 Q-g—l3
515 840 597 874 inde
614 839 813 885 partiantur
830 843 852 878 9
871 846 903 874 et
923 843 989 873 231
1007 852 1069 885 per
1087 842 1119 879 3,
1140 839 1225 873 fient
1242 841 1264 872 3
1283 843 1317 872 et·
1331 843 1388 879 77,
1409 837 1475 872 hoc
1493 837 1572 877 situ,

300 907 323 952 Ξ
340 906 387 953 5⁷7—
406 920 414 948 3
443 904 594 950 denique
617 904 816 950 partiantur
834 909 856 945 7
875 910 909 938 et
926 909 972 945 77
997 916 1059 950 per
1083 916 1183 937 suum
1207 914 1425 937 communem
1450 902 1575 936 diviso-

302 983 375 1005 rem
392 970 583 1004 maximum
601 974 634 1010 7,
660 975 693 1003 et
710 969 794 1003 fient
815 973 830 1002 1
853 974 887 1003 et
907 973 961 1008 11,
987 968 1052 1002 hoc
1070 968 1149 1008 situ,
1170 969 1193 1015 Ξῖ
1209 968 1282 1015 ᾖε
1322 967 1391 1001 His
1413 966 1572 1012 peractis,

304 1036 371 1069 duc
389 1034 451 1068 hos
469 1039 732 1068 numeratorum
751 1033 889 1067 ultimos
908 1038 1030 1078 quotos
1049 1036 1071 1066 3
1089 1038 1123 1067 et
1143 1037 1159 1066 1
1180 1031 1339 1071 invicem,
1366 1030 1415 1065 sic
1436 1030 1575 1065 ultimos

305 1098 606 1133 denominatorum
621 1102 643 1132 Ξ
657 1103 689 1132 et
707 1101 760 1137 11,
780 1097 934 1142 fientque
951 1097 1004 1131 illi
1021 1100 1054 1137 3,
1074 1096 1111 1130 hi
1130 1100 1186 1137 QQ,
1206 1096 1272 1130 hoc
1291 1095 1370 1135 situ,
1386 1096 1443 1142 ΞόΞ,
1460 1095 1576 1129 multi-

305 1164 401 1210 plum
420 1162 615 1208 quaesitum.
669 1163 759 1196 Item
778 1162 847 1196 sint
864 1162 1140 1207 multiplicandae
1158 1160 1343 1195 fractiones
1360 1159 1577 1194 inabbrevia-

304 1229 390 1263 biles
409 1229 463 1262 hae
480 1231 529 1283 ξ
548 1234 581 1262 et
598 1230 621 1274 Ξ
640 1227 812 1269 invicem3
841 1226 1120 1272 multiplicentur
1138 1225 1252 1271 primo
1269 1230 1508 1259 numeratores
1526 1229 1576 1259 ‘20

306 1299 340 1328 et
363 1298 385 1327 4<
408 1292 568 1333 invicem,
594 1298 628 1327 et
650 1293 734 1326 fient
758 1296 819 1332 Sa,
842 1304 952 1326 novus
974 1296 1200 1333 numerator3
1229 1290 1355 1324 deinde
1379 1289 1577 1323 denomina-

307 1366 396 1393 tores
415 1362 437 1392 3
456 1364 489 1392 et
507 1363 528 1392 5
548 1358 706 1398 invicem,
733 1363 766 1392 et
788 1358 873 1392 fient
894 1361 947 1397 15,
972 1369 1081 1391 novus
1100 1355 1343 1390 denominator
1358 1370 1368 1398 ;
1398 1360 1478 1389 sunt
1495 1367 1578 1400 ergo

307 1424 364 1478 ξ-ἕ,
385 1422 585 1468 multiplum
604 1421 801 1467 quaesitum.

214 1555 291 1589 Hac
321 1554 611 1600 multiplicatione
641 1553 825 1587 fractiones
856 1552 1075 1592 fractionum,
1108 1551 1188 1592 imo,
1218 1557 1252 1585 et
1279 1550 1464 1584 fractiones
1491 1549 1577 1583 frac-

164 1620 297 1653 tionum
325 1618 453 1652 iterum
481 1623 585 1662 atque
613 1617 741 1651 iterum
766 1617 966 1656 fractarum,
997 1617 1042 1650 ad
1068 1615 1241 1661 simplices
1267 1613 1451 1649 fractiones
1477 1614 1577 1647 redu-

164 1689 301 1717 cuntur.

359 1747 410 1781 Ut
427 1746 505 1780 duae
524 1746 655 1791 quintae
674 1745 780 1780 trium
799 1750 1014 1791 quartarum,
1036 1744 1085 1778 sic
1101 1749 1240 1783 notatae,
1260 1745 1284 1789 Ξ
1301 1756 1343 1777 ex
1360 1744 1394 1790 Ξ,
1414 1755 1476 1788 pcr
1493 1755 1578 1788 prae-

309 1812 450 1846 missam
473 1811 561 1845 fiunt
582 1811 696 1857 primo
713 1812 737 1858 Ξ
754 1812 778 1857 {3-
794 1823 856 1856 per
874 1809 1167 1844 abbreviationem
1184 1823 1193 1851 3
1226 1808 1318 1849 inde,
1341 1821 1403 1854 per
1419 1820 1578 1842 numera-

312 1883 427 1911 torum
445 1876 594 1910 invicem
609 1888 649 1910 ac
663 1875 965 1910 denominatorum
978 1873 1127 1907 invicem
1140 1873 1475 1919 multiplicationem,
1491 1873 1579 1907 fiunt

310 1944 368 1990 ‘1⁷²6’
385 1941 489 1976 unica
506 1941 629 1975 fractio
647 1941 803 1986 simplex,
823 1939 916 1974 idem
933 1939 1050 1973 valens
1068 1939 1161 1984 quod
1179 1938 1335 1984 superior
1352 1938 1476 1972 fractio
1493 1938 1578 1972 frac-

311 2008 454 2042 tionum.
495 2006 552 2041 Sic
570 2011 639 2040 tres
658 2010 790 2051 quartae
809 2005 958 2039 duarum
976 2003 1158 2038 tertiarum
1172 2003 1274 2037 unius
1289 2003 1437 2043 dimidii,
1454 2003 1503 2037 sic
1520 2015 1578 2037 no-

311 2078 401 2112 tatae,
421 2073 443 2118 Ξ
463 2084 505 2105 ex
522 2073 545 2118 3⁸}
563 2083 604 2105 ex
622 2071 655 2117 Ξ,
681 2070 764 2104 fient
781 2081 844 2115 per
862 2067 1168 2108 abbreviationem,
1193 2067 1305 2113 primo
1326 2068 1348 2114 Ξ
1370 2080 1412 2101 ex
1433 2069 1458 2114 Ξ
1479 2080 1521 2101 ex
1545 2068 1576 2114 Ξ,

309 2137 390 2171 inde
407 2137 429 2183 Ξ
447 2137 471 2184 Ξ
488 2137 512 2183 Ξ
530 2148 590 2170 seu
608 2135 631 2182 Ξ
647 2135 671 2182 Ξ
688 2135 733 2181 Ξ;
759 2134 899 2168 tandem
912 2132 1025 2167 ductis
1040 2131 1276 2178 superioribus
1290 2131 1404 2177 quotis
1419 2131 1577 2171 invicem,

311 2208 344 2236 et
361 2201 584 2236 inferioribus
602 2199 761 2240 invicem,
781 2199 869 2233 fiunt
885 2199 919 2245 Ξ,
940 2197 1032 2232 idem
1050 2197 1167 2233 valens
1186 2197 1279 2243 quod
1296 2198 1317 2244 Ξ
1337 2209 1378 2232 ex
1396 2199 1420 2244 ξ
1437 2209 1477 2231 ex
1496 2198 1529 2243 Ξ.
