1747 2620
146 215 183 243 74
593 210 656 240 DE
683 211 810 241 ARTE
835 208 1109 241 LOGISTICA.

666 454 865 493 CAPUT
915 454 1042 492 XIII.

201 590 255 616 DE
279 587 586 616 EXTRACTIONE
610 586 808 614 RADICUM
833 587 856 614 E
880 585 1159 614 NUMERORUM
1184 583 1512 612 FRACTIONIBUS.

195 709 242 745 31,
264 705 441 739 fractionis
459 705 612 739 reductae
627 704 671 738 ad
684 703 846 737 minimos
861 703 1036 743 terminos,
1052 708 1198 747 uterque
1212 701 1380 736 terminus
1398 701 1559 735 habuerit

147 771 279 805 radices
297 769 483 816 propositae
501 768 639 814 speciei,
660 781 709 802 cae
727 768 951 802 cxtrahendae
969 772 1048 801 sunt
1065 766 1282 812 integrorum
1300 778 1405 806 more,
1425 771 1460 800 et
1476 766 1560 799 fient

145 841 346 869 numerator
363 840 396 868 et
414 833 656 868 denominator
673 832 802 867 radicis
820 832 985 878 quaesitae.

196 900 254 933 Sin
275 905 390 933 autem
408 904 554 943 uterque
573 897 740 931 terminus
758 896 936 931 fractionis
954 908 1023 929 non
1037 895 1164 929 habeat
1179 895 1283 929 talem
1297 894 1461 934 radicem,
1479 900 1560 928 tunc

148 966 220 1009 ejus
238 964 348 1004 radix,
369 969 429 997 autv
446 962 664 1009 geometrica>
681 974 777 995 more
795 966 855 995 aut
872 960 1084 999 mechanico,
1104 965 1155 993 est
1173 958 1396 993 extrahenda.

340 1028 389 1062 Ut
407 1028 453 1062 sit
470 1028 572 1062 radix
590 1026 790 1072 tripartiens
809 1025 1025 1059 extrahenda
1043 1025 1059 1058 ὲ
1077 1026 1135 1071 ᾗῇ,
1152 1025 1250 1069 cujus
1267 1023 1408 1058 termini
1425 1022 1559 1056 minimi

293 1098 370 1126 sunt
384 1092 454 1146 &3
481 1092 518 1125 in
536 1091 638 1137 hujus
653 1090 801 1124 termino
816 1095 962 1134 utroque
980 1088 1071 1122 clare
1089 1093 1224 1122 constat
1242 1087 1343 1121 radix
1360 1086 1560 1132 tripartiens

292 1156 521 1191 numeratoris
547 1159 579 1194 3,
608 1161 642 1189 et
669 1153 940 1188 denominatoris
967 1157 1013 1195 ⁹23
1047 1158 1127 1186 sunt
1153 1164 1235 1198 ergo
1261 1153 1284 1198 ἐξ*
1310 1151 1409 1185 radix
1437 1151 1559 1196 tripar-

295 1221 381 1255 tiens
401 1219 547 1265 quaesita
564 1219 672 1254 oblati
689 1217 837 1252 radicati
854 1219 912 1264 Ῑ-ἒ,
932 1229 991 1250 seu
1009 1217 1067 1271 23—7.

688 1363 801 1397 Aliud
819 1362 1025 1407 exemplum.

343 1479 477 1512 Contra
510 1477 590 1510 vero
626 1476 669 1509 sit
704 1474 827 1509 fractio
861 1474 977 1509 oblata
1012 1475 1092 1528 Ἢ,
1129 1474 1227 1519 cujus
1257 1473 1396 1507 termini
1426 1473 1560 1507 minimi

294 1548 374 1576 sunt
395 1544 467 1597 2423
502 1541 547 1575 sit
572 1553 614 1574 ex
639 1540 693 1574 his
720 1539 936 1574 extrahenda
964 1538 1065 1572 radix
1092 1538 1307 1584 bipartiens:
1346 1537 1449 1578 Dico,
1479 1538 1561 1583 quia

296 1613 440 1651 uterque
467 1605 644 1644 terminus,
675 1608 721 1642 ‚129
748 1610 782 1638 et
808 1608 840 1643 4,
870 1616 939 1637 non
970 1602 1096 1637 habeat
1124 1602 1277 1637 radicem
1304 1602 1559 1649 bipartientem,

296 1669 472 1715 (quamvis
498 1669 596 1708 alter,
624 1668 755 1702 scilicet
780 1672 814 1707 4,
842 1667 987 1712 habeat)
1011 1666 1099 1706 ideo,
1125 1666 1303 1700 fractionis
1327 1666 1451 1700 oblatae
1476 1667 1557 1720 Zssoo’

294 1747 353 1768 seu
370 1735 428 1788 Q,
456 1746 526 1767 non
552 1740 603 1766 est
629 1731 846 1766 arithmetice
873 1731 1088 1765 extrahenda
1112 1730 1213 1764 radix
1238 1730 1400 1775 perfecta,
1423 1730 1483 1764 sed
1501 1736 1559 1764 aut

294 1798 501 1843 geometrice
525 1803 585 1831 aut
606 1796 817 1830 mechanico.

202 1928 445 1963 Geometricus
471 1926 594 1960 modus
620 1931 681 1965 est,
714 1936 915 1970 praeponere
945 1924 1109 1957 radicatae
1139 1922 1300 1957 fractioni
1331 1923 1393 1957 toti
1424 1923 1561 1969 signum

153 1994 280 2028 radicis
305 1992 539 2031 extrahendae,
567 1996 626 2024 aut
652 1989 752 2035 signa
777 1988 904 2023 radicis
930 1988 1069 2034 utrique
1095 1987 1252 2022 termino.

349 2057 399 2091 Ut
429 2055 616 2102 superioris
646 2053 793 2100 exempli
824 2052 947 2087 fractio
974 2054 1053 2108 Ἥ,
1086 2065 1146 2087 seu
1173 2054 1230 2108 2T9’
1263 2065 1379 2087 veram
1408 2052 1560 2086 radicem

298 2121 543 2168 bipartientem
563 2132 633 2153 non
653 2119 782 2160 habet3
813 2118 900 2157 ideo,
930 2117 992 2152 toti
1018 2117 1179 2152 fractioni
1205 2123 1265 2151 aut
1289 2117 1561 2163 praeponendum

302 2193 352 2221 est
378 2187 516 2232 signum
542 2184 680 2223 radicis,
709 2183 773 2217 hoc
799 2183 912 2222 modo,
943 2183 1044 2237 HQ
1070 2188 1128 2216 aut
1153 2182 1291 2227 utrique
1314 2181 1471 2221 termino,
1496 2181 1561 2215 hoc
