1747 2620
636 203 696 233 DE
724 202 849 233 ARTE
874 201 1149 232 LOGISTICA.
1561 205 1596 232 13

236 310 356 344 Habes
384 310 500 354 itaque
528 321 570 343 ex
598 308 755 348 radicati,
788 307 922 348 indicis,
953 314 987 342 et
1009 307 1146 347 radicis,
1173 307 1307 341 duabus
1330 306 1592 351 quibuscunque

186 373 286 413 datis,
316 373 454 408 tertiam
483 386 545 419 per
574 372 742 407 radicales
771 371 1105 418 multiplicationem,
1137 371 1370 417 partitionem,
1402 376 1435 404 et
1463 376 1592 405 extrac-

186 438 323 472 tionem.

742 607 942 646 CAPUT
984 607 1034 646 V.

502 723 557 750 DE
581 722 993 750 COMPUTATIONIBUS
1017 722 1277 749 COMPOSITIS.

236 824 443 862 HucusQuE
480 822 751 868 computationes
786 821 982 867 simplices3
1022 827 1213 867 sequuntur
1237 821 1433 866 compositae
1460 834 1518 855 seu
1543 834 1591 855 re-

185 888 284 933 gulae.

233 1015 434 1061 Composita
459 1020 510 1049 est
536 1014 746 1060 computatio
768 1026 844 1058 quae
862 1026 904 1047 ex
921 1014 1080 1059 pluribus
1098 1013 1350 1058 quantitatibus
1369 1013 1469 1053 datis,
1490 1020 1593 1057 atque

184 1080 339 1126 pluribus
357 1086 391 1113 et
409 1078 649 1113 diversimodis
667 1077 934 1123 operationibus,
955 1078 1134 1123 quaesitam
1151 1078 1322 1123 producit.

233 1143 441 1189 Compositae
467 1142 749 1188 computationes,
776 1154 836 1175 seu
857 1141 994 1187 regulae,
1019 1142 1073 1175 vel
1094 1147 1174 1176 sunt
1195 1141 1514 1187 proportionalium,
1542 1141 1593 1174 vel

184 1206 558 1253 disproportionalium.

234 1273 379 1317 Regulae
399 1271 709 1317 proportionalium
732 1277 822 1310 sunt,
848 1282 924 1315 quae
942 1281 1003 1315 per
1020 1269 1108 1303 solas
1126 1269 1398 1314 computationes
1422 1269 1592 1314 simplices

184 1337 471 1383 proportionatas,
492 1336 622 1370 scilicet
639 1335 943 1381 multiplicationes
966 1340 1000 1368 et
1021 1334 1235 1380 partitiones,
1255 1334 1485 1378 quantitatem
1503 1347 1592 1379 quae-

184 1401 284 1435 sitam
302 1414 343 1435 ex
360 1401 518 1446 pluribus
537 1400 626 1434 datis
644 1389 835 1433 inveniunt.

376 1465 426 1499 Ut
452 1465 481 1498 si
507 1470 692 1509 quaeratur,
720 1463 749 1496 is
776 1463 836 1508 qui
863 1462 973 1496 tribus
999 1462 1093 1496 horis
1117 1468 1266 1507 quatuor
1283 1462 1434 1496 miliaria
1450 1462 1590 1501 incedit,

328 1541 387 1562 sex
405 1528 498 1562 horis
517 1534 601 1573 quot
618 1527 769 1561 miliaria
792 1527 954 1560 incedet?
1008 1526 1097 1560 Item
1124 1526 1152 1559 si
1180 1538 1238 1559 sex
1264 1527 1366 1560 boves
1392 1525 1592 1559 nutriantur

327 1593 437 1627 tribus
465 1592 636 1626 mensuris
664 1592 747 1625 foeni
775 1597 924 1636 quatuor
951 1591 1082 1631 diebus,
1114 1597 1358 1636 quaeraturque
1384 1596 1467 1636 quot
1490 1592 1592 1625 boves

326 1657 453 1691 nutriri
470 1662 613 1702 possunt
632 1656 784 1701 quinque
802 1655 972 1689 mensuris
990 1655 1074 1689 foeni
1092 1655 1227 1689 duobus
1245 1655 1394 1689 diebus?
1440 1655 1527 1689 Item
1547 1660 1592 1689 *20

327 1721 429 1755 solidi
456 1721 579 1755 Scotiae
605 1726 684 1754 sunt
711 1733 781 1754 una
804 1720 904 1760 libra,
934 1724 956 1753 Q
974 1720 1072 1754 librae
1090 1725 1169 1753 sunt
1187 1724 1255 1753 tres
1272 1731 1408 1759 marcae,
1428 1724 1449 1752 5
1467 1732 1592 1753 marc-w

326 1786 440 1819 valent
458 1785 599 1819 unicum
616 1790 817 1819 coronatum
831 1800 840 1826 3
865 1790 948 1829 quot
964 1796 1047 1830 ergo
1063 1783 1189 1817 solidos
1204 1783 1367 1818 valebunt
1382 1788 1403 1821 9
1415 1784 1590 1818 coronati?

328 1849 545 1889 Quaestiones
563 1848 874 1894 proportionalium
892 1854 972 1882 sunt
990 1848 1120 1892 absque
1134 1847 1203 1881 ulla
1216 1847 1433 1881 additionum
1448 1847 1501 1881 vel
1514 1849 1590 1881 sub-

326 1913 551 1947 stractionum
568 1912 836 1947 introductione.
889 1911 1201 1957 Multiplicationes
1219 1911 1311 1945 enim
1334 1917 1367 1945 et
1390 1911 1590 1956 partitiones

327 1983 406 2011 sunt
423 1989 484 2023 per
502 1977 714 2011 consectaria
731 1989 872 2010 suarum
890 1976 1131 2010 definitionum
1148 1975 1429 2021 proportionales.

234 2105 274 2139 In
292 2105 345 2138 his
363 2110 562 2150 spectantur
580 2105 665 2138 situs
684 2110 717 2138 et
735 2105 898 2150 operatio.

232 2169 324 2203 Situs
342 2175 490 2214 quatuor
507 2174 680 2215 praecepta
701 2174 790 2203 sunt.
