1747 2620
624 217 688 247 DE
714 217 843 248 ARTE
868 216 1145 248 LOGISTICA.
1560 218 1594 247 17

300 485 356 513 DE
379 485 740 519 QUANTITATIBUS
764 487 1111 514 ABUNDANTIBUS
1134 485 1188 513 ET
1211 482 1475 512 DEFECTIVIS.

226 578 432 613 HACTENUS
451 579 725 625 computationes
744 580 981 625 quantitatum
1004 580 1041 614 in
1063 591 1190 626 genere
1207 593 1216 621 3
1246 582 1439 622 sequuntur
1457 588 1599 610 suarum

176 643 380 688 specierum.

226 774 355 815 Primo,
376 787 469 821 ergo,
490 774 703 820 quantitates
721 780 782 809 aut
799 779 880 809 sunt
898 774 1129 813 abundantes,
1150 778 1212 807 aut
1229 772 1418 807 defectivae.

226 839 459 873 Abundantes
487 844 567 872 sunt
593 839 805 884 quantitates
829 839 976 885 majores
1000 837 1123 878 nihilo,
1153 842 1188 872 et
1214 841 1441 883 augmentum
1467 848 1538 881 prae
1565 847 1600 868 se

178 906 303 939 ferunt.

228 969 306 1009 Hae,
327 974 387 1003 aut
403 968 510 1008 nullo,
531 974 591 1002 aut
609 968 675 1003 hoc
693 968 792 1015 signo
811 972 861 1012 -}-‚
887 969 982 1014 quod
1000 968 1126 1014 copula
1147 966 1326 1013 augmenti
1350 965 1490 1005 dicitur,
1516 977 1600 1010 prae-

177 1039 355 1068 notantur.

373 1097 425 1132 Ut
452 1098 481 1132 si
506 1097 597 1132 nihil
622 1098 780 1133 debentis
809 1111 890 1144 opes
916 1097 1133 1133 aestimentur
1157 1101 1226 1132 100
1252 1101 1522 1137 coronatorum,
1555 1108 1601 1129 eae

324 1168 385 1197 aut
398 1162 457 1204 sic,
474 1167 543 1197 100
557 1176 638 1204 cor„
655 1169 716 1198 aut
734 1163 793 1204 sic,
811 1168 924 1207 ÷1OO
938 1175 1019 1204 cor„
1035 1168 1277 1209 praenotantur
1292 1177 1300 1204 3
1332 1167 1366 1195 ct
1384 1161 1433 1195 sic
1450 1172 1601 1207 pronun-

325 1228 467 1268 tiantur,
498 1234 607 1263 auctae
631 1234 771 1263 centum
795 1228 978 1269 coronatis,
1007 1228 1228 1263 commodum
1253 1239 1389 1272 semper
1410 1232 1444 1261 et
1465 1226 1601 1260 lucrum

325 1292 564 1339 significando.

231 1423 371 1457 Harum
399 1424 675 1470 computationes
703 1429 775 1458 tam
805 1436 847 1458 cx
876 1423 1063 1470 praemissis
1091 1425 1195 1469 quam
1223 1421 1514 1468 subsequentibus
1543 1422 1601 1456 ha-

181 1489 320 1523 bentur.

231 1553 423 1588 Defectivae
451 1559 531 1587 sunt
561 1553 774 1599 quantitates
804 1553 955 1588 minores
985 1553 1107 1594 nihilo,
1140 1559 1174 1587 et
1204 1552 1434 1587 minutionem
1464 1564 1537 1598 prae
1568 1565 1602 1586 se

182 1619 314 1653 ferunt..

232 1684 313 1724 Hae,
344 1696 480 1729 semper
507 1683 573 1718 hoc
599 1684 698 1730 signo
716 1708 773 1724 -,
798 1684 892 1730 quod
917 1683 1122 1718 minutionis
1151 1683 1276 1728 copula
1303 1682 1443 1723 dicitur,
1473 1694 1603 1728 praeno-

184 1754 312 1783 tantur.

377 1814 428 1848 Ut
456 1814 485 1848 si
513 1815 585 1860 ejus
614 1826 695 1860 opes
719 1813 935 1848 aestimentur
958 1814 1056 1860 cujus
1080 1813 1199 1848 debita
1225 1813 1398 1848 excedunt
1420 1813 1512 1847 bona
1538 1816 1605 1847 100

331 1878 514 1919 coronatis,
534 1878 658 1913 merito
676 1880 749 1925 ejus
768 1892 848 1925 opes
868 1879 917 1913 sic
934 1884 1186 1925 praenotantur,
1206 1883 1327 1913 —lOO
1345 1878 1517 1913 coronatis
1534 1893 1542 1920 3
1571 1884 1604 1911 et

330 1944 380 1978 sic
397 1943 679 1990 pronuntiantur,
705 1943 850 1978 minutae
868 1950 1008 1978 centum
1026 1943 1210 1984 coronatis,
1235 1944 1401 1977 damnum
1420 1955 1554 1988 semper
1571 1948 1603 1975 et

329 2010 503 2044 defectum
522 2008 761 2055 significando.

235 2139 499 2173 Defectivarum
522 2144 637 2174 ortum
660 2145 694 2174 et
717 2139 887 2185 originem
911 2138 1069 2185 superius
1093 2151 1135 2172 ex
1156 2137 1410 2172 substractione
1427 2136 1568 2182 majoris
1586 2137 1605 2169 a

186 2202 318 2238 minore
335 2204 518 2250 provenire
536 2204 760 2239 ostendimus.

888 2280 907 2301 c
