<?xml version="1.0" encoding="UTF-8"?>
<!DOCTYPE html PUBLIC "-//W3C//DTD XHTML 1.0 Transitional//EN"
    "http://www.w3.org/TR/xhtml1/DTD/xhtml1-transitional.dtd">
<html xmlns="http://www.w3.org/1999/xhtml" xml:lang="en" lang="en">
 <head>
  <title>
</title>
<meta http-equiv="Content-Type" content="text/html;charset=utf-8" />
  <meta name='ocr-system' content='tesseract 3.04.00' />
  <meta name='ocr-capabilities' content='ocr_page ocr_carea ocr_par ocr_line ocrx_word'/>
</head>
<body>
  <div class='ocr_page' id='page_1' title='image "./deartelogisticaj00bann_0124.png"; bbox 0 0 1747 2620; ppageno 0'>
   <div class='ocr_carea' id='block_1_1' title="bbox 195 237 1165 274">
    <p class='ocr_par' dir='ltr' id='par_1_1' title="bbox 195 237 1165 274">
     <span class='ocr_line' id='line_1_1' title="bbox 195 237 1165 274; baseline 0.001 -8"><span class='ocrx_word' id='word_1_1' title='bbox 195 240 213 266; x_wconf 88' lang='grc'><strong>6</strong></span> <span class='ocrx_word' id='word_1_2' title='bbox 446 271 448 274; x_wconf 15' lang='lat' dir='ltr'>y</span> <span class='ocrx_word' id='word_1_3' title='bbox 645 238 709 268; x_wconf 92' lang='lat' dir='ltr'>DE</span> <span class='ocrx_word' id='word_1_4' title='bbox 734 238 863 269; x_wconf 87' lang='lat' dir='ltr'><strong>ARTE</strong></span> <span class='ocrx_word' id='word_1_5' title='bbox 889 237 1165 268; x_wconf 86' lang='lat' dir='ltr'>LOGISTICA.</span> 
     </span>
    </p>
   </div>
   <div class='ocr_carea' id='block_1_2' title="bbox 248 343 1614 390">
    <p class='ocr_par' dir='ltr' id='par_1_2' title="bbox 248 343 1614 390">
     <span class='ocr_line' id='line_1_2' title="bbox 248 343 1614 390; baseline 0.001 -13"><span class='ocrx_word' id='word_1_6' title='bbox 248 343 289 377; x_wconf 91' lang='lat' dir='ltr'>In</span> <span class='ocrx_word' id='word_1_7' title='bbox 312 343 367 377; x_wconf 82' lang='lat' dir='ltr'>his</span> <span class='ocrx_word' id='word_1_8' title='bbox 390 356 425 378; x_wconf 86' lang='lat' dir='ltr'>se</span> <span class='ocrx_word' id='word_1_9' title='bbox 448 344 554 379; x_wconf 83' lang='lat' dir='ltr'>habet</span> <span class='ocrx_word' id='word_1_10' title='bbox 577 345 692 379; x_wconf 84' lang='lat' dir='ltr'>unitas</span> <span class='ocrx_word' id='word_1_11' title='bbox 716 346 762 379; x_wconf 88' lang='lat' dir='ltr'>ad</span> <span class='ocrx_word' id='word_1_12' title='bbox 783 344 1048 390; x_wconf 86' lang='lat' dir='ltr'>multiplicantis</span> <span class='ocrx_word' id='word_1_13' title='bbox 1066 350 1100 378; x_wconf 86' lang='lat' dir='ltr'>et</span> <span class='ocrx_word' id='word_1_14' title='bbox 1117 343 1375 389; x_wconf 78' lang='lat' dir='ltr'>multiplicandi</span> <span class='ocrx_word' id='word_1_15' title='bbox 1396 345 1614 383; x_wconf 84' lang='lat' dir='ltr'>alterutrum,</span> 
     </span>
    </p>
   </div>
   <div class='ocr_carea' id='block_1_3' title="bbox 198 408 1617 520">
    <p class='ocr_par' dir='ltr' id='par_1_3' title="bbox 198 408 1617 520">
     <span class='ocr_line' id='line_1_3' title="bbox 198 408 693 455; baseline 0.002 -13"><span class='ocrx_word' id='word_1_16' title='bbox 198 414 235 442; x_wconf 87' lang='lat' dir='ltr'>ut</span> <span class='ocrx_word' id='word_1_17' title='bbox 253 408 401 443; x_wconf 82' lang='lat' dir='ltr'>alterum</span> <span class='ocrx_word' id='word_1_18' title='bbox 419 409 464 443; x_wconf 83' lang='lat' dir='ltr'>ad</span> <span class='ocrx_word' id='word_1_19' title='bbox 481 409 693 455; x_wconf 83' lang='lat' dir='ltr'>multiplum.</span> 
     </span>
     <span class='ocr_line' id='line_1_4' title="bbox 393 473 1617 520; baseline 0.001 -13"><span class='ocrx_word' id='word_1_20' title='bbox 393 474 443 508; x_wconf 88' lang='lat' dir='ltr'>Ut</span> <span class='ocrx_word' id='word_1_21' title='bbox 461 474 497 507; x_wconf 89' lang='lat' dir='ltr'>in</span> <span class='ocrx_word' id='word_1_22' title='bbox 517 474 694 520; x_wconf 80' lang='lat' dir='ltr'>superiore</span> <span class='ocrx_word' id='word_1_23' title='bbox 712 474 880 519; x_wconf 82' lang='lat' dir='ltr'>exemplo,</span> <span class='ocrx_word' id='word_1_24' title='bbox 900 474 950 508; x_wconf 85' lang='lat' dir='ltr'>ita</span> <span class='ocrx_word' id='word_1_25' title='bbox 968 486 1004 507; x_wconf 87' lang='lat' dir='ltr'>se</span> <span class='ocrx_word' id='word_1_26' title='bbox 1020 473 1127 508; x_wconf 86' lang='lat' dir='ltr'>habet</span> <span class='ocrx_word' id='word_1_27' title='bbox 1145 478 1159 507; x_wconf 90' lang='lat'>1</span> <span class='ocrx_word' id='word_1_28' title='bbox 1178 474 1222 507; x_wconf 88' lang='lat' dir='ltr'>ad</span> <span class='ocrx_word' id='word_1_29' title='bbox 1242 476 1275 513; x_wconf 83' lang='lat'>3,</span> <span class='ocrx_word' id='word_1_30' title='bbox 1296 479 1334 508; x_wconf 92' lang='lat' dir='ltr'>ut</span> <span class='ocrx_word' id='word_1_31' title='bbox 1352 478 1374 507; x_wconf 89' lang='lat'><em>5</em></span> <span class='ocrx_word' id='word_1_32' title='bbox 1393 474 1438 508; x_wconf 85' lang='lat' dir='ltr'>ad</span> <span class='ocrx_word' id='word_1_33' title='bbox 1459 478 1500 508; x_wconf 87' lang='lat'>15</span> <span class='ocrx_word' id='word_1_34' title='bbox 1519 489 1527 513; x_wconf 83' lang='lat'>;</span> <span class='ocrx_word' id='word_1_35' title='bbox 1557 487 1617 508; x_wconf 86' lang='lat' dir='ltr'>seu</span> 
     </span>
    </p>
   </div>
   <div class='ocr_carea' id='block_1_4' title="bbox 343 539 785 579">
    <p class='ocr_par' dir='ltr' id='par_1_4' title="bbox 343 539 785 579">
     <span class='ocr_line' id='line_1_5' title="bbox 343 539 785 579; baseline 0.002 -7"><span class='ocrx_word' id='word_1_36' title='bbox 343 539 393 573; x_wconf 83' lang='lat' dir='ltr'>ita</span> <span class='ocrx_word' id='word_1_37' title='bbox 413 543 428 572; x_wconf 95' lang='lat'>1</span> <span class='ocrx_word' id='word_1_38' title='bbox 451 540 496 573; x_wconf 83' lang='lat' dir='ltr'>ad</span> <span class='ocrx_word' id='word_1_39' title='bbox 513 544 546 579; x_wconf 98' lang='lat'>5,</span> <span class='ocrx_word' id='word_1_40' title='bbox 568 545 606 573; x_wconf 92' lang='lat' dir='ltr'>ut</span> <span class='ocrx_word' id='word_1_41' title='bbox 624 542 646 573; x_wconf 82' lang='lat'><em>3</em></span> <span class='ocrx_word' id='word_1_42' title='bbox 666 539 710 573; x_wconf 80' lang='lat' dir='ltr'>ad</span> <span class='ocrx_word' id='word_1_43' title='bbox 732 543 785 573; x_wconf 93' lang='lat'>15.</span> 
     </span>
    </p>
   </div>
   <div class='ocr_carea' id='block_1_5' title="bbox 193 669 1617 978">
    <p class='ocr_par' dir='ltr' id='par_1_5' title="bbox 194 669 1617 846">
     <span class='ocr_line' id='line_1_6' title="bbox 245 669 1617 716; baseline 0 -13"><span class='ocrx_word' id='word_1_44' title='bbox 245 669 286 703; x_wconf 91' lang='lat' dir='ltr'>M</span> <span class='ocrx_word' id='word_1_45' title='bbox 291 669 553 715; x_wconf 84' lang='lat' dir='ltr'>ultiplicationis</span> <span class='ocrx_word' id='word_1_46' title='bbox 566 669 696 715; x_wconf 82' lang='lat' dir='ltr'>species</span> <span class='ocrx_word' id='word_1_47' title='bbox 708 669 854 704; x_wconf 80' lang='lat' dir='ltr'>infinitae</span> <span class='ocrx_word' id='word_1_48' title='bbox 865 675 962 712; x_wconf 81' lang='lat' dir='ltr'>sunt3</span> <span class='ocrx_word' id='word_1_49' title='bbox 985 675 1021 704; x_wconf 89' lang='lat' dir='ltr'>ut</span> <span class='ocrx_word' id='word_1_50' title='bbox 1033 670 1202 716; x_wconf 88' lang='lat' dir='ltr'>duplatio,</span> <span class='ocrx_word' id='word_1_51' title='bbox 1216 683 1295 716; x_wconf 81' lang='lat' dir='ltr'>quae</span> <span class='ocrx_word' id='word_1_52' title='bbox 1307 676 1359 704; x_wconf 86' lang='lat' dir='ltr'>est</span> <span class='ocrx_word' id='word_1_53' title='bbox 1371 669 1617 716; x_wconf 78' lang='lat' dir='ltr'>multiplicatio</span> 
     </span>
     <span class='ocr_line' id='line_1_7' title="bbox 195 734 1613 781; baseline 0 -13"><span class='ocrx_word' id='word_1_54' title='bbox 195 734 400 779; x_wconf 78' lang='lat' dir='ltr'>quantitatis</span> <span class='ocrx_word' id='word_1_55' title='bbox 415 734 539 769; x_wconf 73' lang='lat' dir='ltr'>oblatae</span> <span class='ocrx_word' id='word_1_56' title='bbox 556 747 618 780; x_wconf 85' lang='lat' dir='ltr'>per</span> <span class='ocrx_word' id='word_1_57' title='bbox 632 738 654 768; x_wconf 71' lang='lat' dir='ltr'><strong><em>Q</em></strong></span> <span class='ocrx_word' id='word_1_58' title='bbox 668 750 676 776; x_wconf 91' lang='lat'>;</span> <span class='ocrx_word' id='word_1_59' title='bbox 704 734 869 780; x_wconf 87' lang='lat' dir='ltr'>triplatio,</span> <span class='ocrx_word' id='word_1_60' title='bbox 885 747 963 780; x_wconf 78' lang='lat' dir='ltr'>quae</span> <span class='ocrx_word' id='word_1_61' title='bbox 977 747 1040 780; x_wconf 86' lang='lat' dir='ltr'>per</span> <span class='ocrx_word' id='word_1_62' title='bbox 1052 738 1074 769; x_wconf 82' lang='lat'><em>3</em></span> <span class='ocrx_word' id='word_1_63' title='bbox 1088 750 1096 777; x_wconf 79' lang='lat'>3</span> <span class='ocrx_word' id='word_1_64' title='bbox 1124 735 1383 781; x_wconf 83' lang='lat' dir='ltr'>quadruplatio,</span> <span class='ocrx_word' id='word_1_65' title='bbox 1401 748 1479 780; x_wconf 85' lang='lat' dir='ltr'>quae</span> <span class='ocrx_word' id='word_1_66' title='bbox 1492 747 1555 781; x_wconf 87' lang='lat' dir='ltr'>per</span> <span class='ocrx_word' id='word_1_67' title='bbox 1569 740 1591 768; x_wconf 70' lang='lat'>4·</span> <span class='ocrx_word' id='word_1_68' title='bbox 1605 750 1613 773; x_wconf 86' lang='lat'>;</span> 
     </span>
     <span class='ocr_line' id='line_1_8' title="bbox 194 799 488 846; baseline 0 -13"><span class='ocrx_word' id='word_1_69' title='bbox 194 805 227 833; x_wconf 86' lang='lat' dir='ltr'>et</span> <span class='ocrx_word' id='word_1_70' title='bbox 245 799 295 833; x_wconf 89' lang='lat' dir='ltr'>ita</span> <span class='ocrx_word' id='word_1_71' title='bbox 313 799 488 846; x_wconf 88' lang='lat' dir='ltr'>deinceps.</span> 
     </span>
    </p>

    <p class='ocr_par' dir='ltr' id='par_1_6' title="bbox 193 864 1615 978">
     <span class='ocr_line' id='line_1_9' title="bbox 244 864 1615 911; baseline 0.001 -13"><span class='ocrx_word' id='word_1_72' title='bbox 244 865 285 898; x_wconf 88' lang='lat' dir='ltr'>In</span> <span class='ocrx_word' id='word_1_73' title='bbox 309 865 363 898; x_wconf 89' lang='lat' dir='ltr'>his</span> <span class='ocrx_word' id='word_1_74' title='bbox 387 864 654 910; x_wconf 85' lang='lat' dir='ltr'>multiplicanda</span> <span class='ocrx_word' id='word_1_75' title='bbox 676 864 853 905; x_wconf 80' lang='lat' dir='ltr'>dicuntur,</span> <span class='ocrx_word' id='word_1_76' title='bbox 877 865 1105 911; x_wconf 85' lang='lat' dir='ltr'>duplandum,</span> <span class='ocrx_word' id='word_1_77' title='bbox 1132 865 1358 911; x_wconf 89' lang='lat' dir='ltr'>triplandum,</span> <span class='ocrx_word' id='word_1_78' title='bbox 1379 865 1615 911; x_wconf 82' lang='lat' dir='ltr'>quadruplan-</span> 
     </span>
     <span class='ocr_line' id='line_1_10' title="bbox 193 930 1612 978; baseline 0.001 -14"><span class='ocrx_word' id='word_1_79' title='bbox 193 931 286 970; x_wconf 88' lang='lat' dir='ltr'>dum,</span> <span class='ocrx_word' id='word_1_80' title='bbox 308 931 367 965; x_wconf 82' lang='lat' dir='ltr'>&amp;c.</span> <span class='ocrx_word' id='word_1_81' title='bbox 386 945 395 972; x_wconf 65' lang='grc' dir='ltr'><strong>ς</strong></span> <span class='ocrx_word' id='word_1_82' title='bbox 426 930 697 976; x_wconf 82' lang='lat' dir='ltr'>multiplicantia</span> <span class='ocrx_word' id='word_1_83' title='bbox 719 936 800 964; x_wconf 88' lang='lat' dir='ltr'>sunt</span> <span class='ocrx_word' id='word_1_84' title='bbox 818 934 850 970; x_wconf 61' lang='lat'>⁸2,</span> <span class='ocrx_word' id='word_1_85' title='bbox 871 934 903 970; x_wconf 78' lang='lat'>3,</span> <span class='ocrx_word' id='word_1_86' title='bbox 924 935 957 970; x_wconf 65' lang='lat'>4,</span> <span class='ocrx_word' id='word_1_87' title='bbox 979 932 1037 965; x_wconf 69' lang='grc' dir='ltr'>διο.</span> <span class='ocrx_word' id='word_1_88' title='bbox 1055 946 1063 971; x_wconf 87' lang='grc'><strong>;</strong></span> <span class='ocrx_word' id='word_1_89' title='bbox 1094 931 1424 978; x_wconf 44' lang='lat' dir='ltr'>multiplaf-dupla,</span> <span class='ocrx_word' id='word_1_90' title='bbox 1445 931 1559 977; x_wconf 85' lang='lat' dir='ltr'>tripla,</span> <span class='ocrx_word' id='word_1_91' title='bbox 1581 939 1612 965; x_wconf 84' lang='lat' dir='ltr'>et</span> 
     </span>
    </p>
   </div>
   <div class='ocr_carea' id='block_1_6' title="bbox 193 995 677 1040">
    <p class='ocr_par' dir='ltr' id='par_1_7' title="bbox 193 995 677 1040">
     <span class='ocr_line' id='line_1_11' title="bbox 193 995 677 1040; baseline 0.002 -12"><span class='ocrx_word' id='word_1_92' title='bbox 193 995 399 1040; x_wconf 87' lang='lat' dir='ltr'>quadrupla,</span> <span class='ocrx_word' id='word_1_93' title='bbox 421 996 479 1029; x_wconf 69' lang='grc' dir='ltr'>διο.</span> <span class='ocrx_word' id='word_1_94' title='bbox 500 995 677 1029; x_wconf 88' lang='lat' dir='ltr'>dicuntur.</span> 
     </span>
    </p>
   </div>
   <div class='ocr_carea' id='block_1_7' title="bbox 191 1125 1612 1432">
    <p class='ocr_par' dir='ltr' id='par_1_8' title="bbox 191 1125 1612 1236">
     <span class='ocr_line' id='line_1_12' title="bbox 243 1125 1612 1172; baseline 0 -13"><span class='ocrx_word' id='word_1_95' title='bbox 243 1127 422 1160; x_wconf 75' lang='lat' dir='ltr'><strong>PARTITIO</strong></span> <span class='ocrx_word' id='word_1_96' title='bbox 442 1132 493 1160; x_wconf 85' lang='lat' dir='ltr'>est</span> <span class='ocrx_word' id='word_1_97' title='bbox 510 1125 694 1172; x_wconf 87' lang='lat' dir='ltr'>partientis</span> <span class='ocrx_word' id='word_1_98' title='bbox 713 1127 732 1159; x_wconf 70' lang='lat' dir='ltr'>a</span> <span class='ocrx_word' id='word_1_99' title='bbox 749 1125 932 1171; x_wconf 84' lang='lat' dir='ltr'>partiendo</span> <span class='ocrx_word' id='word_1_100' title='bbox 950 1126 1159 1160; x_wconf 82' lang='lat' dir='ltr'>substractio</span> <span class='ocrx_word' id='word_1_101' title='bbox 1177 1125 1213 1159; x_wconf 88' lang='lat' dir='ltr'>in</span> <span class='ocrx_word' id='word_1_102' title='bbox 1231 1125 1382 1160; x_wconf 87' lang='lat' dir='ltr'>nihilum</span> <span class='ocrx_word' id='word_1_103' title='bbox 1407 1138 1515 1171; x_wconf 89' lang='lat' dir='ltr'>usque</span> <span class='ocrx_word' id='word_1_104' title='bbox 1535 1138 1612 1159; x_wconf 89' lang='lat' dir='ltr'>con-</span> 
     </span>
     <span class='ocr_line' id='line_1_13' title="bbox 191 1190 1320 1236; baseline -0.001 -11"><span class='ocrx_word' id='word_1_105' title='bbox 191 1191 351 1233; x_wconf 85' lang='lat' dir='ltr'>tinuata;</span> <span class='ocrx_word' id='word_1_106' title='bbox 381 1197 415 1225; x_wconf 76' lang='lat' dir='ltr'>et</span> <span class='ocrx_word' id='word_1_107' title='bbox 432 1203 598 1225; x_wconf 83' lang='lat' dir='ltr'>numerus</span> <span class='ocrx_word' id='word_1_108' title='bbox 617 1191 910 1225; x_wconf 85' lang='lat' dir='ltr'>substractionum</span> <span class='ocrx_word' id='word_1_109' title='bbox 929 1196 980 1225; x_wconf 86' lang='lat' dir='ltr'>est</span> <span class='ocrx_word' id='word_1_110' title='bbox 998 1196 1124 1236; x_wconf 86' lang='lat' dir='ltr'>quotus</span> <span class='ocrx_word' id='word_1_111' title='bbox 1143 1190 1320 1236; x_wconf 84' lang='lat' dir='ltr'>quaesitus.</span> 
     </span>
    </p>

    <p class='ocr_par' dir='ltr' id='par_1_9' title="bbox 385 1255 1612 1301">
     <span class='ocr_line' id='line_1_14' title="bbox 385 1255 1612 1301; baseline -0.001 -11"><span class='ocrx_word' id='word_1_112' title='bbox 385 1255 433 1290; x_wconf 91' lang='lat' dir='ltr'>Ut</span> <span class='ocrx_word' id='word_1_113' title='bbox 459 1255 528 1289; x_wconf 81' lang='lat' dir='ltr'>sint</span> <span class='ocrx_word' id='word_1_114' title='bbox 551 1255 736 1300; x_wconf 84' lang='lat' dir='ltr'>partienda</span> <span class='ocrx_word' id='word_1_115' title='bbox 757 1260 798 1290; x_wconf 89' lang='lat'>15</span> <span class='ocrx_word' id='word_1_116' title='bbox 818 1268 880 1301; x_wconf 92' lang='lat' dir='ltr'>per</span> <span class='ocrx_word' id='word_1_117' title='bbox 901 1261 934 1296; x_wconf 91' lang='lat'>5,</span> <span class='ocrx_word' id='word_1_118' title='bbox 961 1256 1165 1290; x_wconf 80' lang='lat' dir='ltr'>auferantur</span> <span class='ocrx_word' id='word_1_119' title='bbox 1182 1260 1203 1289; x_wconf 87' lang='lat'>5</span> <span class='ocrx_word' id='word_1_120' title='bbox 1223 1268 1265 1289; x_wconf 84' lang='lat' dir='ltr'>ex</span> <span class='ocrx_word' id='word_1_121' title='bbox 1287 1260 1327 1289; x_wconf 86' lang='lat'>15</span> <span class='ocrx_word' id='word_1_122' title='bbox 1348 1256 1511 1290; x_wconf 64' lang='lat' dir='ltr'>continu-21</span> <span class='ocrx_word' id='word_1_123' title='bbox 1535 1256 1612 1289; x_wconf 89' lang='lat' dir='ltr'>sub-</span> 
     </span>
    </p>

    <p class='ocr_par' dir='ltr' id='par_1_10' title="bbox 336 1320 1612 1361">
     <span class='ocr_line' id='line_1_15' title="bbox 336 1320 1612 1361; baseline 0 -7"><span class='ocrx_word' id='word_1_124' title='bbox 336 1320 522 1355; x_wconf 81' lang='lat' dir='ltr'>stractione</span> <span class='ocrx_word' id='word_1_125' title='bbox 540 1321 650 1355; x_wconf 87' lang='lat' dir='ltr'>donec</span> <span class='ocrx_word' id='word_1_126' title='bbox 668 1321 757 1355; x_wconf 87' lang='lat' dir='ltr'>nihil</span> <span class='ocrx_word' id='word_1_127' title='bbox 775 1321 990 1361; x_wconf 76' lang='lat' dir='ltr'>remanserit,</span> <span class='ocrx_word' id='word_1_128' title='bbox 1017 1326 1051 1355; x_wconf 86' lang='lat' dir='ltr'>et</span> <span class='ocrx_word' id='word_1_129' title='bbox 1072 1321 1157 1355; x_wconf 89' lang='lat' dir='ltr'>fient</span> <span class='ocrx_word' id='word_1_130' title='bbox 1178 1321 1449 1356; x_wconf 69' lang='lat' dir='ltr'>substructiones</span> <span class='ocrx_word' id='word_1_131' title='bbox 1467 1333 1612 1355; x_wconf 86' lang='lat' dir='ltr'>numero</span> 
     </span>
    </p>

    <p class='ocr_par' dir='ltr' id='par_1_11' title="bbox 333 1386 1609 1432">
     <span class='ocr_line' id='line_1_16' title="bbox 333 1386 1609 1432; baseline 0 -13"><span class='ocrx_word' id='word_1_132' title='bbox 333 1392 427 1420; x_wconf 83' lang='lat' dir='ltr'>tres:</span> <span class='ocrx_word' id='word_1_133' title='bbox 465 1389 487 1420; x_wconf 78' lang='lat'><strong>3</strong></span> <span class='ocrx_word' id='word_1_134' title='bbox 513 1399 597 1432; x_wconf 79' lang='lat' dir='ltr'>ergo</span> <span class='ocrx_word' id='word_1_135' title='bbox 624 1392 702 1420; x_wconf 91' lang='lat' dir='ltr'>sunt</span> <span class='ocrx_word' id='word_1_136' title='bbox 730 1393 856 1432; x_wconf 90' lang='lat' dir='ltr'>quotus</span> <span class='ocrx_word' id='word_1_137' title='bbox 883 1386 1060 1432; x_wconf 65' lang='lat' dir='ltr'>qua‘situs,</span> <span class='ocrx_word' id='word_1_138' title='bbox 1093 1391 1134 1420; x_wconf 89' lang='lat'>15</span> <span class='ocrx_word' id='word_1_139' title='bbox 1159 1392 1238 1420; x_wconf 89' lang='lat' dir='ltr'>sunt</span> <span class='ocrx_word' id='word_1_140' title='bbox 1262 1386 1496 1432; x_wconf 87' lang='lat' dir='ltr'>partiendum,</span> <span class='ocrx_word' id='word_1_141' title='bbox 1530 1393 1561 1420; x_wconf 74' lang='lat' dir='ltr'>ot</span> <span class='ocrx_word' id='word_1_142' title='bbox 1589 1391 1609 1419; x_wconf 91' lang='lat'>5</span> 
     </span>
    </p>
   </div>
   <div class='ocr_carea' id='block_1_8' title="bbox 334 1450 500 1496">
    <p class='ocr_par' dir='ltr' id='par_1_12' title="bbox 334 1450 500 1496">
     <span class='ocr_line' id='line_1_17' title="bbox 334 1450 500 1496; baseline 0 -12"><span class='ocrx_word' id='word_1_143' title='bbox 334 1450 500 1496; x_wconf 84' lang='lat' dir='ltr'>partiens.</span> 
     </span>
    </p>
   </div>
   <div class='ocr_carea' id='block_1_9' title="bbox 238 1580 1609 1627">
    <p class='ocr_par' dir='ltr' id='par_1_13' title="bbox 238 1580 1609 1627">
     <span class='ocr_line' id='line_1_18' title="bbox 238 1580 1609 1627; baseline 0.002 -14"><span class='ocrx_word' id='word_1_144' title='bbox 238 1580 280 1613; x_wconf 91' lang='lat' dir='ltr'>In</span> <span class='ocrx_word' id='word_1_145' title='bbox 299 1580 353 1614; x_wconf 89' lang='lat' dir='ltr'>his</span> <span class='ocrx_word' id='word_1_146' title='bbox 372 1593 407 1615; x_wconf 86' lang='lat' dir='ltr'>se</span> <span class='ocrx_word' id='word_1_147' title='bbox 425 1581 530 1615; x_wconf 87' lang='lat' dir='ltr'>habet</span> <span class='ocrx_word' id='word_1_148' title='bbox 548 1581 664 1616; x_wconf 85' lang='lat' dir='ltr'>unitas</span> <span class='ocrx_word' id='word_1_149' title='bbox 682 1582 726 1616; x_wconf 85' lang='lat' dir='ltr'>ad</span> <span class='ocrx_word' id='word_1_150' title='bbox 744 1582 842 1627; x_wconf 88' lang='lat' dir='ltr'>quoti</span> <span class='ocrx_word' id='word_1_151' title='bbox 860 1588 894 1616; x_wconf 88' lang='lat' dir='ltr'>et</span> <span class='ocrx_word' id='word_1_152' title='bbox 910 1582 1095 1627; x_wconf 84' lang='lat' dir='ltr'>partientis</span> <span class='ocrx_word' id='word_1_153' title='bbox 1114 1582 1333 1622; x_wconf 86' lang='lat' dir='ltr'>alterutrum,</span> <span class='ocrx_word' id='word_1_154' title='bbox 1350 1588 1388 1616; x_wconf 90' lang='lat' dir='ltr'>ut</span> <span class='ocrx_word' id='word_1_155' title='bbox 1402 1582 1549 1616; x_wconf 84' lang='lat' dir='ltr'>alterum</span> <span class='ocrx_word' id='word_1_156' title='bbox 1565 1583 1609 1616; x_wconf 82' lang='lat' dir='ltr'>ad</span> 
     </span>
    </p>
   </div>
   <div class='ocr_carea' id='block_1_10' title="bbox 187 1645 1602 1757">
    <p class='ocr_par' dir='ltr' id='par_1_14' title="bbox 187 1645 1602 1757">
     <span class='ocr_line' id='line_1_19' title="bbox 187 1645 422 1690; baseline 0.009 -12"><span class='ocrx_word' id='word_1_157' title='bbox 187 1645 422 1690; x_wconf 84' lang='lat' dir='ltr'>partiendum.</span> 
     </span>
     <span class='ocr_line' id='line_1_20' title="bbox 385 1711 1602 1757; baseline 0.001 -12"><span class='ocrx_word' id='word_1_158' title='bbox 385 1711 433 1745; x_wconf 85' lang='lat' dir='ltr'>Ut</span> <span class='ocrx_word' id='word_1_159' title='bbox 455 1711 633 1757; x_wconf 82' lang='lat' dir='ltr'>superiore</span> <span class='ocrx_word' id='word_1_160' title='bbox 651 1712 818 1757; x_wconf 83' lang='lat' dir='ltr'>exemplo,</span> <span class='ocrx_word' id='word_1_161' title='bbox 843 1711 893 1745; x_wconf 84' lang='lat' dir='ltr'>ita</span> <span class='ocrx_word' id='word_1_162' title='bbox 910 1724 946 1745; x_wconf 90' lang='lat' dir='ltr'>se</span> <span class='ocrx_word' id='word_1_163' title='bbox 964 1711 1071 1746; x_wconf 83' lang='lat' dir='ltr'>habet</span> <span class='ocrx_word' id='word_1_164' title='bbox 1095 1716 1105 1745; x_wconf 85' lang='lat'>1</span> <span class='ocrx_word' id='word_1_165' title='bbox 1130 1712 1174 1746; x_wconf 85' lang='lat' dir='ltr'>ad</span> <span class='ocrx_word' id='word_1_166' title='bbox 1192 1715 1224 1752; x_wconf 82' lang='lat'>3,</span> <span class='ocrx_word' id='word_1_167' title='bbox 1251 1718 1288 1746; x_wconf 91' lang='lat' dir='ltr'>ut</span> <span class='ocrx_word' id='word_1_168' title='bbox 1306 1717 1327 1745; x_wconf 92' lang='lat'>5</span> <span class='ocrx_word' id='word_1_169' title='bbox 1347 1713 1392 1746; x_wconf 86' lang='lat' dir='ltr'>ad</span> <span class='ocrx_word' id='word_1_170' title='bbox 1414 1717 1455 1746; x_wconf 91' lang='lat'>15</span> <span class='ocrx_word' id='word_1_171' title='bbox 1473 1727 1481 1754; x_wconf 79' lang='lat'>3</span> <span class='ocrx_word' id='word_1_172' title='bbox 1513 1713 1566 1746; x_wconf 85' lang='lat' dir='ltr'>vel</span> <span class='ocrx_word' id='word_1_173' title='bbox 1589 1718 1602 1746; x_wconf 95' lang='lat'>1</span> 
     </span>
    </p>
   </div>
   <div class='ocr_carea' id='block_1_11' title="bbox 334 1775 665 1815">
    <p class='ocr_par' dir='ltr' id='par_1_15' title="bbox 334 1775 665 1815">
     <span class='ocr_line' id='line_1_21' title="bbox 334 1775 665 1815; baseline 0.006 -7"><span class='ocrx_word' id='word_1_174' title='bbox 334 1775 378 1808; x_wconf 90' lang='lat' dir='ltr'>ad</span> <span class='ocrx_word' id='word_1_175' title='bbox 395 1780 428 1815; x_wconf 89' lang='grc'>5,</span> <span class='ocrx_word' id='word_1_176' title='bbox 450 1781 488 1809; x_wconf 89' lang='lat' dir='ltr'>ut</span> <span class='ocrx_word' id='word_1_177' title='bbox 505 1779 527 1809; x_wconf 85' lang='lat'><strong>3</strong></span> <span class='ocrx_word' id='word_1_178' title='bbox 546 1776 591 1810; x_wconf 83' lang='lat' dir='ltr'>ad</span> <span class='ocrx_word' id='word_1_179' title='bbox 612 1780 665 1810; x_wconf 91' lang='lat'>15.</span> 
     </span>
    </p>
   </div>
   <div class='ocr_carea' id='block_1_12' title="bbox 185 1904 1605 2276">
    <p class='ocr_par' dir='ltr' id='par_1_16' title="bbox 185 1904 1605 2276">
     <span class='ocr_line' id='line_1_22' title="bbox 238 1904 1505 1952; baseline 0.002 -14"><span class='ocrx_word' id='word_1_180' title='bbox 238 1904 386 1938; x_wconf 86' lang='lat' dir='ltr'>Partitio</span> <span class='ocrx_word' id='word_1_181' title='bbox 404 1910 464 1938; x_wconf 86' lang='lat' dir='ltr'>aut</span> <span class='ocrx_word' id='word_1_182' title='bbox 482 1910 533 1938; x_wconf 83' lang='lat' dir='ltr'>est</span> <span class='ocrx_word' id='word_1_183' title='bbox 552 1904 750 1950; x_wconf 77' lang='lat' dir='ltr'>aequalium,</span> <span class='ocrx_word' id='word_1_184' title='bbox 770 1911 804 1939; x_wconf 88' lang='lat' dir='ltr'>et</span> <span class='ocrx_word' id='word_1_185' title='bbox 822 1905 1027 1950; x_wconf 85' lang='lat' dir='ltr'>producitur</span> <span class='ocrx_word' id='word_1_186' title='bbox 1045 1905 1169 1946; x_wconf 85' lang='lat' dir='ltr'>unitas,</span> <span class='ocrx_word' id='word_1_187' title='bbox 1190 1912 1250 1940; x_wconf 85' lang='lat' dir='ltr'>aut</span> <span class='ocrx_word' id='word_1_188' title='bbox 1267 1905 1505 1952; x_wconf 83' lang='lat' dir='ltr'>inaequalium.</span> 
     </span>
     <span class='ocr_line' id='line_1_23' title="bbox 237 1969 1603 2016; baseline 0.003 -14"><span class='ocrx_word' id='word_1_189' title='bbox 237 1969 470 2014; x_wconf 80' lang='lat' dir='ltr'>Inaequalium</span> <span class='ocrx_word' id='word_1_190' title='bbox 492 1970 574 2003; x_wconf 73' lang='lat' dir='ltr'>vero</span> <span class='ocrx_word' id='word_1_191' title='bbox 597 1975 656 2003; x_wconf 86' lang='lat' dir='ltr'>aut</span> <span class='ocrx_word' id='word_1_192' title='bbox 679 1975 731 2003; x_wconf 82' lang='lat' dir='ltr'>est</span> <span class='ocrx_word' id='word_1_193' title='bbox 752 1969 898 2004; x_wconf 85' lang='lat' dir='ltr'>minoris</span> <span class='ocrx_word' id='word_1_194' title='bbox 922 1982 984 2016; x_wconf 89' lang='lat' dir='ltr'>per</span> <span class='ocrx_word' id='word_1_195' title='bbox 1006 1971 1183 2015; x_wconf 84' lang='lat' dir='ltr'>majorem,</span> <span class='ocrx_word' id='word_1_196' title='bbox 1204 1975 1238 2004; x_wconf 84' lang='lat' dir='ltr'>et</span> <span class='ocrx_word' id='word_1_197' title='bbox 1256 1976 1382 2016; x_wconf 85' lang='lat' dir='ltr'>quotus</span> <span class='ocrx_word' id='word_1_198' title='bbox 1400 1976 1451 2005; x_wconf 87' lang='lat' dir='ltr'>est</span> <span class='ocrx_word' id='word_1_199' title='bbox 1468 1971 1603 2009; x_wconf 84' lang='lat' dir='ltr'>fractio,</span> 
     </span>
     <span class='ocr_line' id='line_1_24' title="bbox 186 2034 1604 2081; baseline 0.001 -13"><span class='ocrx_word' id='word_1_200' title='bbox 186 2047 246 2068; x_wconf 87' lang='lat' dir='ltr'>seu</span> <span class='ocrx_word' id='word_1_201' title='bbox 272 2034 383 2069; x_wconf 84' lang='lat' dir='ltr'>fracta</span> <span class='ocrx_word' id='word_1_202' title='bbox 409 2034 587 2080; x_wconf 87' lang='lat' dir='ltr'>quantitas</span> <span class='ocrx_word' id='word_1_203' title='bbox 614 2034 747 2069; x_wconf 85' lang='lat' dir='ltr'>unitate</span> <span class='ocrx_word' id='word_1_204' title='bbox 773 2034 911 2077; x_wconf 79' lang='lat' dir='ltr'>minor3</span> <span class='ocrx_word' id='word_1_205' title='bbox 949 2041 1009 2069; x_wconf 87' lang='lat' dir='ltr'>aut</span> <span class='ocrx_word' id='word_1_206' title='bbox 1035 2035 1176 2081; x_wconf 85' lang='lat' dir='ltr'>majoris</span> <span class='ocrx_word' id='word_1_207' title='bbox 1204 2048 1266 2081; x_wconf 90' lang='lat' dir='ltr'>per</span> <span class='ocrx_word' id='word_1_208' title='bbox 1293 2036 1473 2076; x_wconf 86' lang='lat' dir='ltr'>minorem,</span> <span class='ocrx_word' id='word_1_209' title='bbox 1507 2042 1539 2071; x_wconf 87' lang='lat' dir='ltr'>et</span> <span class='ocrx_word' id='word_1_210' title='bbox 1566 2037 1604 2070; x_wconf 75' lang='lat' dir='ltr'>fit</span> 
     </span>
     <span class='ocr_line' id='line_1_25' title="bbox 185 2098 614 2145; baseline 0 -12"><span class='ocrx_word' id='word_1_211' title='bbox 185 2104 311 2144; x_wconf 87' lang='lat' dir='ltr'>quotus</span> <span class='ocrx_word' id='word_1_212' title='bbox 336 2098 469 2133; x_wconf 82' lang='lat' dir='ltr'>unitate</span> <span class='ocrx_word' id='word_1_213' title='bbox 493 2099 614 2145; x_wconf 89' lang='lat' dir='ltr'>major.</span> 
     </span>
     <span class='ocr_line' id='line_1_26' title="bbox 379 2164 1605 2212; baseline 0.001 -14"><span class='ocrx_word' id='word_1_214' title='bbox 379 2164 430 2199; x_wconf 86' lang='lat' dir='ltr'>Ut</span> <span class='ocrx_word' id='word_1_215' title='bbox 448 2164 517 2199; x_wconf 91' lang='lat' dir='ltr'>sint</span> <span class='ocrx_word' id='word_1_216' title='bbox 534 2164 720 2211; x_wconf 85' lang='lat' dir='ltr'>partienda</span> <span class='ocrx_word' id='word_1_217' title='bbox 740 2169 784 2200; x_wconf 88' lang='lat'>10</span> <span class='ocrx_word' id='word_1_218' title='bbox 800 2177 863 2210; x_wconf 87' lang='lat' dir='ltr'>per</span> <span class='ocrx_word' id='word_1_219' title='bbox 884 2169 937 2205; x_wconf 88' lang='grc'>10,</span> <span class='ocrx_word' id='word_1_220' title='bbox 958 2165 1164 2211; x_wconf 86' lang='lat' dir='ltr'>producitur</span> <span class='ocrx_word' id='word_1_221' title='bbox 1180 2165 1323 2212; x_wconf 85' lang='lat' dir='ltr'>praecise</span> <span class='ocrx_word' id='word_1_222' title='bbox 1342 2166 1480 2208; x_wconf 82' lang='lat' dir='ltr'>unitas3</span> <span class='ocrx_word' id='word_1_223' title='bbox 1508 2173 1543 2201; x_wconf 87' lang='lat' dir='ltr'>at</span> <span class='ocrx_word' id='word_1_224' title='bbox 1562 2172 1605 2201; x_wconf 81' lang='lat'>10</span> 
     </span>
     <span class='ocr_line' id='line_1_27' title="bbox 329 2228 1602 2276; baseline 0.003 -14"><span class='ocrx_word' id='word_1_225' title='bbox 329 2228 449 2263; x_wconf 87' lang='lat' dir='ltr'>divisis</span> <span class='ocrx_word' id='word_1_226' title='bbox 472 2241 534 2275; x_wconf 88' lang='lat' dir='ltr'>per</span> <span class='ocrx_word' id='word_1_227' title='bbox 555 2232 608 2270; x_wconf 80' lang='lat'>13,</span> <span class='ocrx_word' id='word_1_228' title='bbox 635 2229 877 2275; x_wconf 86' lang='lat' dir='ltr'>producuntur</span> <span class='ocrx_word' id='word_1_229' title='bbox 900 2230 1019 2264; x_wconf 86' lang='lat' dir='ltr'>decem</span> <span class='ocrx_word' id='word_1_230' title='bbox 1042 2229 1301 2265; x_wconf 83' lang='lat' dir='ltr'>decimaetertiae</span> <span class='ocrx_word' id='word_1_231' title='bbox 1323 2236 1439 2276; x_wconf 86' lang='lat' dir='ltr'>partes</span> <span class='ocrx_word' id='word_1_232' title='bbox 1459 2231 1602 2266; x_wconf 86' lang='lat' dir='ltr'>unitatis</span> 
     </span>
    </p>
   </div>
  </div>
 </body>
</html>
