1747 2620
496 646 763 702 LIBER
819 647 1286 703 SECUNDUS.

280 803 347 839 DE
378 804 623 839 POSITIVA
653 804 761 840 SIVE
787 805 996 841 COSSICA
1019 805 1277 841 ALGEBRAE
1309 806 1497 841 PARTE.

754 1113 956 1153 CAPUT
998 1113 1029 1152 Ι.

365 1237 420 1265 DE
443 1237 801 1266 DEFINITIONIBUS
825 1238 879 1265 ET
904 1237 1200 1266 DIVISIONIBUS
1224 1238 1434 1272 PARTIUM,

611 1293 664 1321 ET
688 1293 744 1321 DE
768 1293 1015 1321 VOCABULIS
1041 1293 1176 1321 ARTIS.

231 1407 260 1436 1.
290 1403 495 1437 Posmvffl
513 1403 679 1450 Algebrae
697 1409 842 1450 partem,
858 1415 920 1449 per
938 1402 1191 1448 suppositiones
1209 1403 1316 1444 fictas,
1333 1415 1450 1438 veram
1468 1404 1603 1449 quanti-

179 1474 284 1502 tatem
302 1481 493 1515 verumque
510 1481 695 1504 numerum
714 1468 899 1515 quaesitum
920 1467 1115 1514 patefacere
1137 1468 1299 1509 diximus,
1321 1469 1400 1503 Lib.
1421 1469 1450 1503 Ι.
1474 1481 1548 1515 cap.
1572 1473 1600 1508 1,

180 1539 261 1567 sect.
281 1538 314 1574 7.

228 1602 260 1632 Q.
291 1597 484 1632 Positiones
511 1598 626 1639 etiam,
655 1598 727 1632 sive
752 1598 1019 1644 suppositiones,
1053 1603 1133 1632 sunt
1163 1598 1292 1632 notulae
1322 1598 1483 1643 quaedam
1512 1598 1601 1632 fictae

181 1662 314 1696 unitate
333 1667 472 1703 notatae,
499 1675 584 1708 quas
602 1663 678 1697 loco
696 1675 735 1697 ac
753 1663 827 1697 vico
848 1662 1085 1708 quantitatum
1103 1674 1143 1696 ac
1160 1674 1385 1697 numerorum
1403 1662 1601 1709 ignotorum

178 1726 350 1767 addimus,
371 1727 639 1768 substrahimus,
659 1727 936 1773 multiplicamus
955 1732 1015 1761 aut
1032 1726 1231 1761 dividimus.

225 1795 257 1826 3.
287 1791 481 1826 Positiones
506 1798 632 1833 autem,
660 1798 695 1827 et
721 1792 936 1838 positionum
961 1792 1101 1832 notulae,
1127 1797 1178 1826 tot
1202 1797 1283 1826 sunt
1307 1791 1453 1827 diversae
1476 1798 1509 1826 et
1533 1792 1598 1826 dis-

177 1856 306 1890 similes
333 1862 417 1902 quot
444 1856 609 1897 diversos,
640 1857 837 1898 dissimiles,
872 1857 1079 1903 ignotosque
1106 1869 1269 1891 numeros
1298 1862 1357 1891 aut
1388 1856 1599 1902 quantitates

176 1920 419 1967 complectitur
446 1921 602 1967 quaestio.

370 1987 543 2027 Quarum,
563 1986 714 2032 exempli
731 1986 854 2033 gratia,
874 1987 996 2033 figurae
1015 1992 1048 2021 et
1066 1986 1208 2021 nomina
1226 1992 1307 2020 sunt
1327 1985 1395 2026 IR,
1425 1998 1502 2031 quae
1529 1998 1599 2020 una

320 2050 434 2097 prima
452 2051 580 2096 positio
599 2051 738 2093 dicitur,
762 2056 817 2092 la,
844 2065 924 2097 quae
943 2064 1051 2086 unum
1070 2064 1102 2091 α,
1128 2051 1199 2085 sivo
1218 2063 1288 2085 una
1304 2050 1457 2085 secunda
1473 2050 1599 2096 positio

320 2115 475 2157 dicitur3
511 2116 561 2155 lb,
584 2128 693 2150 unum
713 2116 743 2156 b,
769 2116 841 2150 sive
860 2129 931 2150 una
948 2116 1052 2150 tertia
1068 2115 1219 2161 positi03
1252 2119 1305 2156 lc,
1334 2127 1442 2149 unum
1465 2127 1494 2155 c,
1526 2114 1597 2149 sive

320 2193 391 2214 una
409 2186 535 2225 quarta
553 2180 680 2226 positio
696 2196 705 2222 3
734 2187 768 2215 et
786 2181 835 2215 sic
853 2194 915 2227 per
932 2181 1168 2227 alphabetum.
