1747 2620
608 218 672 248 DE
700 218 826 248 ARTE
855 218 1130 249 LOGISTICA.
1545 223 1580 249 :⁷³1

160 325 393 365 constituitur,
414 325 506 359 linea
524 325 615 360 inter
633 338 807 360 summum
825 332 859 360 et
876 325 1031 360 medium
1050 325 1276 370 interpositQ
1303 326 1352 360 ita
1370 332 1408 360 ut
1426 327 1443 359 ἐι
1463 327 1583 361 dextra

158 390 279 436 figurae
293 390 415 436 primae
429 390 561 436 primis,
578 392 740 425 secundas
754 390 924 431 secundis,
941 397 975 425 ct
993 390 1136 436 reliqum
1151 390 1304 436 reliquis,
1321 390 1451 425 directe
1467 404 1581 437 super-

159 456 368 491 scribantur.

208 521 388 566 Operatio,
406 527 538 560 contra,
555 521 573 554 a
588 520 737 555 sinistris
752 521 929 567 aptissime
944 520 1138 560 inchoatur,
1155 526 1215 555 aut
1230 520 1258 554 si
1273 520 1381 555 mavis
1400 522 1419 554 a
1437 522 1578 562 dextris,

157 585 222 619 hoc
241 592 417 631 utcunque
436 591 571 620 servato
590 585 692 620 unico
710 592 885 632 praecepto
901 599 909 620 ι

206 651 257 685 Ut
275 650 407 685 scilicet
425 651 537 696 figura
555 664 702 696 quaeque
720 650 874 691 inferior,
895 657 954 685 aut
971 651 1061 685 nihil
1080 651 1139 685 ubi
1156 651 1247 685 nihil
1264 652 1391 692 subest,
1407 665 1449 686 ex
1464 665 1580 699 super-

156 715 267 761 posita
291 716 343 750 illi
366 716 477 762 figura
499 716 558 749 illst
581 729 650 750 non
674 716 818 756 minore,
843 722 903 750 aut
926 716 1060 750 minore
1079 716 1208 750 additis
1230 721 1283 757 10,
1311 717 1578 761 substrahatur;

155 786 189 815 et
204 781 344 815 residua
362 781 500 826 integra
517 780 569 814 illi
588 780 877 826 superscribatur,
895 780 923 814 si
937 781 1040 815 modo
1055 780 1229 815 inferioris
1243 794 1387 823 summa,
1404 782 1486 817 hinc
1501 783 1580 817 dex-

156 851 307 879 trorsum
330 851 483 885 extensa,
513 857 584 878 non
612 845 749 879 excedit
778 858 950 879 summam
978 845 1011 879 ei
1034 845 1306 892 superscriptam
1323 862 1331 889 3
1366 847 1531 893 alioquin,
1552 848 1580 882 si

155 910 301 950 excedit,
329 916 412 944 tunc
430 910 576 956 praefata
597 910 738 945 residua
754 910 869 956 figura
886 910 1022 944 minuta
1040 910 1183 951 unitate,
1210 911 1238 945 si
1262 911 1307 945 sit
1330 924 1505 953 numerus,
1527 914 1578 947 vel

155 982 257 1010 aucta
274 975 472 1015 novenario,
493 975 523 1008 si
541 975 586 1009 sit
604 980 636 1015 0,
658 975 709 1009 illi
728 975 1017 1021 superscribatur.

351 1041 401 1075 Ut
419 1040 487 1074 sint
507 1044 553 1081 47
559 1040 650 1082 1567
653 1045 698 1074 05
718 1040 974 1075 substrahenda
991 1053 1033 1075 ex
1052 1044 1292 1082 2738154098
1308 1053 1455 1076 numero
1468 1043 1579 1077 minu-

301 1105 414 1140 endo:
449 1105 501 1139 Sit
525 1105 611 1139 situs
634 1105 737 1151 hujus
760 1118 876 1151 supra,
903 1105 996 1140 illius
1020 1105 1123 1146 infra,
1146 1111 1184 1140 ut
1203 1106 1240 1140 in
1258 1106 1427 1153 margine,
1448 1113 1481 1142 et
1499 1108 1579 1142 dex-

558 1169 651 1204 timae
676 1169 839 1204 dextimis
862 1170 984 1216 figurae
1006 1170 1260 1216 respondeant:
1291 1171 1443 1206 Proinde
1466 1172 1580 1218 primo

305 1197 496 1227 '2690997393

303 1238 396 1281 &VT-{51⁷
401 1255 417 1279 5
422 1238 497 1282 409}
558 1247 575 1267 ·1
595 1234 775 1268 sinistimis
790 1238 835 1275 ‘27
851 1234 948 1269 aufer
961 1234 1051 1268 nihil
1066 1234 1173 1279 (nihil
1191 1235 1284 1269 enim
1303 1236 1455 1281 subest),
1470 1249 1579 1271 rema-

343 1290 495 1320 47156705
557 1304 641 1333 nent
670 1303 715 1340 27
738 1299 930 1333 minuenda
956 1299 1099 1339 unitate,
1129 1299 1212 1345 quia
1235 1304 1267 1340 ψ,
1297 1301 1356 1334 διο.
1384 1301 1581 1347 subscripta

299 1364 471 1398 excedunt
489 1367 522 1404 3,
544 1365 602 1398 διο.
623 1364 879 1410 superscripta3
909 1370 943 1399 et
960 1364 1011 1399 ita
1027 1364 1084 1405 QG,
1112 1364 1262 1405 residua,
1286 1371 1366 1400 sunt
1392 1367 1579 1412 superseri-

298 1429 414 1463 benda
438 1429 614 1475 prioribus
641 1433 712 1471 ‘273
745 1429 872 1463 deinde
896 1429 994 1463 aufer
1016 1434 1039 1463 4
1063 1442 1105 1463 ex
1129 1433 1161 1470 3,
1189 1430 1317 1464 additis
1341 1436 1457 1465 tamen
1481 1432 1578 1477 prius

300 1494 353 1527 his
375 1498 428 1534 10,
458 1499 496 1528 ut
519 1498 542 1528 4«
565 1494 646 1528 inde
670 1494 799 1528 auferri
826 1494 969 1540 possint,
999 1500 1033 1528 et
1061 1500 1247 1540 supersunt
1273 1499 1305 1535 9,
1339 1508 1416 1540 quae
1448 1497 1578 1542 absque

298 1559 491 1593 minutione
515 1565 595 1593 sunt
619 1559 910 1605 superscribenda
930 1559 1052 1600 tribus,
1080 1559 1163 1605 quia
1180 1565 1203 1601 7
1221 1560 1358 1594 minora
1376 1567 1454 1595 sunt
1474 1563 1577 1607 quam

299 1628 319 1658 8
337 1639 345 1666 ;
374 1624 501 1659 deinde
519 1624 617 1658 aufer
634 1630 656 1666 7
675 1637 718 1658 ex
737 1628 768 1665 8,
795 1630 950 1659 remanet
969 1624 1084 1658 unitas
1103 1624 1237 1659 unitate
1255 1625 1455 1667 minuenda,
1477 1633 1510 1661 et
1528 1627 1578 1661 ita

298 1694 321 1723 Ο
338 1695 389 1723 est.
408 1689 747 1735 superscribendum,
774 1689 858 1734 quia
880 1689 1099 1724 dextrorsum
1124 1689 1201 1730 156,
1229 1691 1287 1725 ἀρ.
1313 1699 1506 1737 exuperant
1528 1692 1577 1726 eis

297 1754 515 1800 superposita
536 1759 613 1795 154,
634 1756 693 1789 &e.
711 1770 719 1797 3
753 1754 879 1789 deinde
903 1754 1082 1789 auferatur
1103 1759 1118 1789 1
1140 1756 1184 1790 ab
1207 1759 1235 1796 l,
1263 1762 1419 1791 remanet
1437 1761 1483 1799 Ο,
1517 1758 1577 1791 sed

297 1820 381 1865 quia
406 1819 588 1865 sequentia
609 1820 666 1860 56,
693 1821 752 1854 Sec.
780 1826 972 1866 exuperant
999 1820 1218 1866 superposita
1239 1825 1296 1861 54,
1320 1822 1391 1865 δὶα,
1419 1822 1496 1856 ideo
1514 1835 1576 1868 pro

297 1890 328 1925 O,
351 1889 372 1923 9
391 1890 471 1919 sunt
490 1884 801 1930 superscribenda,
830 1884 990 1919 similiter
1008 1885 1106 1919 aufer
1124 1890 1145 1919 5
1164 1898 1207 1920 ex
1225 1891 1257 1925 5,
1277 1892 1433 1932 superest
1447 1891 1479 1927 O,
1496 1893 1576 1921 sunt

295 1962 378 1996 ergo
397 1954 419 1988 9
444 1949 745 1995 superscribenda,
771 1949 854 1995 quia
873 1949 894 1983 6
913 1956 1105 1996 exuperant
1123 1955 1145 1984 4<
1164 1951 1423 1996 superscripta3
1454 1951 1535 1985 inde
1554 1952 1576 1984 6

296 2027 338 2048 ex
362 2018 405 2048 14
430 2014 538 2055 aufer,
564 2020 707 2049 manent
732 2018 763 2055 8,
790 2014 902 2049 scribe
925 2020 1061 2049 tantum
1079 2020 1112 2056 7,
1138 2015 1222 2060 quia
1244 2016 1399 2061 subjecta
1421 2016 1535 2062 figura
1552 2022 1574 2057 7

295 2079 429 2113 excedit
448 2084 471 2113 O
489 2079 745 2125 superpositum
769 2079 800 2113 ei
817 2094 825 2121 ;
856 2079 981 2113 deinde
1000 2080 1098 2113 aufer
1116 2085 1137 2120 7
1156 2081 1175 2112 a
1196 2084 1249 2119 10,
1271 2086 1449 2114 remanent
1469 2084 1502 2121 3,
1524 2081 1573 2115 in-

295 2151 390 2191 tegre
409 2144 708 2191 superscribenda,
733 2144 817 2190 quia
835 2145 1029 2190 subjectum
1048 2149 1071 2178 Ο
1088 2144 1203 2178 minus
1222 2150 1274 2178 est
1293 2145 1397 2190 quam
1416 2149 1437 2184 9
1456 2159 1572 2192 super«

295 2209 447 2255 scripta3
476 2209 603 2244 deinde
621 2209 719 2244 aufer
737 2213 760 2243 O
778 2222 820 2243 ex
839 2213 871 2249 9,
897 2215 1028 2243 restant
1054 2213 1086 2249 9,
1115 2209 1249 2253 integre
1271 2210 1571 2255 superscribenda,
