1747 2620
634 195 696 225 DE
722 194 849 225 ARTE
874 194 1149 226 LOGISTICA.
1556 200 1588 227 ll

236 304 307 337 Hic
325 302 429 336 etiam
447 301 604 343 radicati,
624 303 762 342 radicis,
787 307 821 336 et
841 301 966 336 indicis
987 301 1116 347 species
1134 307 1225 342 sunt,
1246 306 1284 335 ut
1301 313 1406 348 supra
1422 302 1458 335 in
1475 303 1588 336 multi-

184 367 369 413 plicatione
398 366 554 401 radicali.
614 366 661 401 Et
690 378 767 412 quae
796 371 872 411 post
899 365 1147 400 extractionom
1177 365 1405 400 remanserint
1434 366 1588 411 reliquia}

184 430 415 465 irresolubiles
433 431 610 465 dicuntur.

232 495 338 535 Quod
364 506 407 528 ex
432 494 631 540 imperfecta
656 494 867 528 extractione
893 493 1051 540 provenit
1074 499 1125 528 cst
1147 493 1261 528 minor
1278 494 1456 534 terminus,
1482 495 1538 528 cui
1560 495 1588 527 si

182 559 351 593 unitatem
368 558 534 605 adjeceris
552 558 618 593 erit
634 559 744 604 major
762 558 939 598 terminus,
966 558 1058 592 inter
1080 570 1164 603 quos
1183 570 1266 593 vera
1287 564 1322 592 et
1342 558 1494 604 perfecta
1511 571 1588 592 con-

183 623 312 657 tinetur
329 628 363 656 et
381 622 465 656 latet
482 622 593 656 radix.

375 686 425 720 Ut
451 686 488 719 in
516 685 690 731 superiore
716 685 872 731 exemplo
897 685 1056 731 provenit
1081 685 1238 720 binarius
1264 685 1365 720 radix
1388 685 1589 731 imperfecta

324 749 512 790 novenarii,
532 749 588 784 cui
606 749 634 783 si
653 750 821 784 unitatem
839 749 1016 795 adjeceris,
1031 749 1090 783 fiet
1104 749 1285 790 ternarius,
1301 749 1392 784 inter
1405 762 1489 795 quos
1504 750 1585 783 latet

324 826 404 848 vera
421 819 455 848 et
471 813 624 859 perfecta
640 813 840 859 tripartiens
857 813 960 847 radix
976 814 1166 848 novenarii.

227 941 361 975 Verum
391 941 598 981 Geometrae,
632 941 772 986 majoris
802 940 1032 975 accurationis
1062 940 1218 981 studiosi,
1249 940 1363 986 ipsum
1392 941 1585 976 radicatum

179 1004 276 1050 signo
301 1004 426 1039 indicis
452 1010 644 1050 praenotare
669 1004 814 1044 malunt,
846 1016 951 1049 quam
980 1004 1134 1038 radicem
1162 1004 1253 1038 inter
1279 1005 1443 1039 terminos
1477 1006 1584 1040 inclu-

178 1068 269 1103 dere.

371 1133 420 1168 Ut
446 1133 482 1166 in
508 1133 685 1179 superiore
711 1132 867 1178 exemplo
892 1133 1046 1167 radicem
1069 1132 1323 1178 tripartientem
1340 1134 1519 1168 novenarii
1536 1135 1585 1169 ita

320 1202 451 1236 notant,
472 1196 509 1234 «l
528 1199 570 1234 ‘C’
590 1201 636 1235 9:
667 1209 772 1242 quam
792 1196 945 1231 radicem
968 1196 1125 1231 cubicam
1149 1196 1329 1230 novenarii
1345 1198 1582 1242 pronuntiant.

321 1261 394 1295 Nos
413 1266 528 1295 autem
546 1261 594 1295 sic
610 1266 780 1301 notamus,
805 1261 882 1301 1,-9,
902 1266 936 1295 et
952 1261 1106 1295 radicem
1128 1260 1383 1306 tripartientem
1405 1263 1583 1297 novenarii

319 1325 531 1371 appellamus
547 1339 555 1359 ι
584 1325 641 1359 De
660 1324 785 1370 quibus
803 1325 910 1371 signis
929 1325 1076 1371 amplius
1095 1337 1156 1358 suo
1173 1323 1247 1358 loco
1265 1324 1428 1360 dicemus.

226 1452 297 1486 Hic
330 1453 467 1486 numeri
498 1452 711 1487 Geometrici
745 1465 805 1486 seu
836 1452 997 1493 concreti,
1031 1465 1115 1497 quos
1147 1454 1363 1488 irrationales
1395 1459 1429 1488 et
1459 1456 1579 1489 surdos

175 1522 308 1556 vocant,
328 1521 443 1550 ortum
459 1516 599 1551 habent.

223 1645 264 1679 In
290 1645 344 1679 his
370 1644 685 1690 computationibus
711 1644 932 1685 radicalibus,
960 1644 1093 1679 indices
1119 1645 1179 1679 alii
1202 1652 1283 1680 sunt
1303 1658 1415 1692 pares,
1441 1647 1501 1681 alii
1518 1648 1579 1682 im-

172 1721 280 1755 pares,
301 1709 361 1743 alii
378 1721 496 1743 rursus
514 1708 629 1754 primi,
648 1708 687 1743 id
703 1713 755 1743 est
772 1709 904 1743 unitate
923 1708 992 1743 sol-21
1009 1709 1153 1750 dividui,
1181 1709 1241 1744 alii
1258 1711 1449 1756 compositi,
1474 1711 1510 1746 id
1528 1718 1577 1746 est

171 1785 314 1807 numero
332 1772 449 1818 aliquo
465 1772 615 1818 perfecte
633 1773 777 1807 dim'dui.

362 1837 413 1871 Ut
440 1836 570 1871 indices
599 1840 631 1877 2,
660 1841 693 1877 4,
724 1836 757 1877 6,
786 1848 886 1882 pares
914 1843 1019 1879 sunt,
1057 1841 1089 1877 3,
1115 1842 1148 1878 5,
1172 1843 1206 1879 7,
1228 1838 1399 1884 impares:
1440 1840 1576 1875 Indices

314 1906 429 1935 autem
448 1905 480 1941 Ω,
506 1904 538 1941 3,
561 1905 594 1941 5,
618 1906 650 1942 7,
679 1905 733 1941 11,
762 1901 867 1946 primi
891 1907 981 1942 sunt,
1010 1914 1074 1936 nec
1102 1901 1172 1936 ullo
1195 1914 1339 1937 numero
1363 1904 1517 1938 diwidui:
1546 1909 1573 1944 ᾧ,

313 1971 438 2005 autem,
459 1965 491 2005 6,
509 1968 540 2005 8,
558 1969 590 2005 9,
610 1969 664 2005 10,
681 1966 739 1999 διο.
759 1970 839 2000 sunt
857 1965 1037 2011 compositi
1054 1978 1096 2000 ex
1113 1966 1288 2009 numeris,
1311 1966 1477 2001 nimirum
1494 1973 1516 2002 ›1‹
1534 1981 1575 2002 ex

311 2029 445 2063 duobus
463 2028 630 2071 binariis3
660 2027 681 2063 6
699 2041 742 2063 ex
759 2029 893 2064 duobus
912 2029 1084 2070 ternariis,
1105 2035 1164 2064 aut
1183 2030 1293 2065 tribus
1311 2030 1476 2073 binariis3
1498 2035 1518 2065 8
1533 2044 1575 2066 ex

311 2093 445 2127 duobus
463 2092 704 2138 quaternariis,
725 2099 785 2128 aut
802 2100 951 2139 quatuor
967 2094 1114 2129 binariis
1128 2109 1137 2137 ;
1167 2098 1188 2133 9
1202 2107 1244 2128 ex
1258 2094 1368 2129 tribus
1386 2095 1545 2130 ternariis
1559 2111 1568 2138 ;

315 2161 358 2191 10
375 2169 417 2191 ex
434 2157 568 2191 duobus
586 2157 765 2202 quinariis.
