1747 2620
123 204 165 232 64
582 201 646 232 DE
672 201 800 232 ARTE
825 200 1100 232 LOGISTICA.

130 308 257 342 habeat
274 319 392 342 versus
411 308 570 342 dextram
587 308 745 348 circulos,
770 307 910 353 poteris,
936 305 1133 353 compendii
1155 305 1277 352 gratia,
1303 312 1354 341 tot
1371 307 1442 341 fere
1459 307 1545 341 mul-

130 373 208 419 tipli
233 373 309 407 loca
334 373 553 407 dextrorsum
578 373 598 406 a
622 371 744 418 figuris
772 383 891 412 vacua,
925 376 986 405 aut
1016 370 1155 405 circulis
1184 370 1314 405 referta
1337 371 1543 417 relinquere,

131 439 455 486 multiplicationem
473 440 493 472 a
510 437 659 472 sinistris
677 436 857 471 ordiendo.

326 503 376 537 Ut
394 501 569 548 (exemplo
592 501 610 536 e
634 500 786 546 sinibus)
805 500 834 535 si
854 503 1044 534 10000000
1062 499 1223 534 dederint
1241 499 1419 540 9925461,
1440 512 1546 545 quan-

278 573 351 601 tum
375 567 509 601 dabunt
525 565 721 607 7986354?
774 565 826 599 At
852 564 936 610 quia
960 564 1036 598 haec
1062 576 1179 598 omnes
1205 563 1276 598 fere
1301 564 1430 610 figuras
1457 576 1546 598 com-

631 629 805 677 plectitur,
838 629 927 670 ideo,
961 641 1024 675 per
1053 641 1127 675 cap.
1152 633 1174 663 5
1203 627 1282 663 Lib.
1307 628 1358 662 ΙΙ.
1389 641 1547 674 compen-

283 708 431 739 09925461
481 710 491 735 1
631 693 726 728 diose
765 693 1043 739 multiplicentur
1083 692 1249 731 9925461
1294 704 1356 738 per
1395 692 1548 738 singulas

283 749 436 815 Ξῧῗξὲξξξ
478 749 495 813 Ξ
631 771 755 793 novem
772 758 912 804 figuras,
938 762 976 792 ut
999 757 1035 791 in
1059 756 1177 791 tabula
1199 757 1219 790 a
1239 756 1397 802 margine
1418 756 1547 790 factum

283 833 435 861 39701844
478 833 494 857 4
631 828 707 865 θεῖς
742 821 869 856 deinde
895 821 959 856 sub
985 820 1122 867 singula
1146 820 1258 866 figura
1283 819 1547 866 multiplicantis

283 869 436 938 Ξῧξέἓξὲἒ
477 872 495 935 {53
631 884 799 926 7986354
827 884 982 930 incipiat,
1019 890 1053 918 et
1083 883 1165 918 inde

283 955 434 999 (311478ξὲ7
478 956 493 983 7
630 950 796 995 procedat
834 960 999 983 numerus
1038 948 1166 983 tabulae
1272 963 1404 994 7986354

283 994 437 1059 ξὲἒὲξῗῗῗ)
479 995 495 1059 Ξ
631 1013 752 1060 figurae
780 1013 831 1047 illi
858 1013 1080 1059 respondem,
1108 1025 1166 1047 ne·
1271 1009 1422 1040 6947822?

304 1056 333 1080 ’γ
363 1056 371 1062 ”
421 1055 430 1080 ἶ
479 1055 488 1062 ”
1291 1050 1440 1079 8932914.

284 1077 597 1114 99:2546101Decupl.
631 1077 753 1123 glectis
797 1083 913 1112 tamen
955 1082 989 1111 et
1031 1076 1165 1111 omissis
1308 1087 1460 1117 794036..

632 1154 691 1176 sex
734 1141 966 1176 dextimorum
1011 1141 1166 1175 locorum
1328 1128 1504 1195 ὄὲἒζξξξξ

279 1206 399 1252 figuris
424 1206 594 1246 omnibus,
620 1213 805 1252 propterea
830 1207 925 1252 qued
948 1212 1079 1252 septem
1103 1206 1166 1240 cir-
1369 1202 1425 1233 496
1435 1223 1526 1229 ·····

279 1270 349 1305 culi
378 1270 556 1316 partitoris
590 1275 780 1305 10000000
818 1283 875 1305 eas
911 1270 1164 1311 abscinderent,

279 1336 307 1369 si
346 1335 624 1382 exprimerentur
657 1342 691 1370 et
725 1348 794 1369 non
831 1335 965 1369 omissae
999 1335 1164 1370 fuissent:

283 1401 371 1435 Haec
389 1400 497 1446 igitur
515 1400 744 1446 particularia
761 1400 931 1446 multipla,
956 1406 1083 1446 praeter
1105 1413 1167 1434 sua

1389 1244 1425 1271 39
1436 1261 1549 1268 ......

1400 1335 1549 1360 10000000

281 1478 339 1499 sex
357 1465 433 1499 loca
450 1465 605 1499 dextima
618 1478 737 1506 vacua,
754 1465 789 1499 in
805 1478 913 1499 unum
931 1464 1052 1499 addita
1064 1465 1153 1499 fiunt
1165 1464 1354 1506 790268241
1377 1491 1384 1499 .
1405 1491 1412 1499 .
1429 1492 1436 1499 .
1453 1492 1460 1498 .
1482 1491 1489 1498 .
1505 1491 1512 1498 .
1532 1466 1550 1497 ἐι

282 1530 418 1575 quibus,
444 1535 516 1563 tam
533 1530 617 1563 locis
636 1531 738 1575 quam
755 1529 876 1576 figuris
899 1529 1071 1570 dextimis,
1097 1529 1125 1563 si
1149 1529 1398 1564 abscindantur
1420 1536 1549 1575 septem

281 1595 492 1628 circulorum
526 1594 704 1640 partitoris
736 1595 845 1629 otiosa
878 1595 954 1629 loca
988 1595 1044 1639 (ut
1078 1594 1277 1640 partitionis
1307 1594 1549 1640 compendium

282 1659 419 1705 exigit),
452 1659 632 1693 restabunt
662 1659 841 1700 7926821,
878 1671 1081 1705 responsum
1115 1659 1310 1704 quaesitum.
1362 1658 1435 1693 Ubi
1469 1671 1551 1704 ergo

285 1727 474 1757 10000000
516 1724 600 1757 dant
643 1723 819 1764 9925461,
861 1728 1034 1769 sequetur,
1079 1723 1173 1769 quod
1207 1722 1375 1764 79863541
1417 1723 1549 1758 dabunt

282 1787 460 1828 7926824.

187 1920 277 1959 Quae
298 1923 424 1958 autem,
448 1917 485 1951 in
508 1917 612 1964 hujus
635 1917 832 1964 compendii
857 1917 1036 1963 multiplis‚
1065 1916 1273 1951 omittuntur
1294 1916 1416 1963 figurae
1433 1928 1550 1951 versus

138 1984 307 2023 dextram,
352 1982 488 2016 etiamsi
526 1994 643 2017 omnes
682 1982 878 2017 novenariae
913 1987 1036 2022 essent,
1080 1994 1150 2016 non
1184 1981 1238 2016 vel
1277 1981 1379 2015 unica
1418 1981 1550 2015 unitate

139 2053 306 2094 augerent
331 2059 544 2093 responsum.
596 2046 728 2082 Merito
754 2047 863 2093 igitur
888 2059 937 2081 eae
965 2059 1082 2081 omnes
1109 2046 1241 2093 negligi
1265 2052 1409 2092 possunt
1434 2045 1471 2079 in
1498 2045 1551 2080 his

139 2112 339 2159 majusculis
368 2111 522 2146 numeris
552 2111 589 2146 in
620 2112 746 2158 quibus
775 2124 819 2146 ne
850 2110 993 2146 unitatis
1025 2110 1176 2157 quidem,
1213 2110 1317 2145 totius
1347 2116 1381 2145 et
1411 2110 1549 2156 integri,

138 2190 234 2212 error
259 2183 311 2212 est
336 2177 519 2212 sensibilis.
