1747 2620
624 213 687 243 DE
712 212 840 243 ARTE
866 212 1142 244 LOGISTICA.
1553 217 1593 245 35

223 320 389 360 Primum,
415 326 453 354 ut.
476 326 587 354 totum
610 320 914 366 multiplicandum
934 321 1014 366 (per
1031 321 1105 366 jam
1126 319 1322 365 praemissa)
1340 320 1591 366 multiplicetur

172 387 207 420 in
226 398 400 431 quamque
418 386 567 432 figuram
585 385 860 432 multiplicantis,
889 385 959 420 sive
978 386 997 419 ξι
1015 384 1157 425 dextris,
1178 384 1249 418 sive
1268 384 1416 419 sinistris
1435 385 1589 432 incipere

172 451 323 485 libuerit.

220 516 429 556 Secundum,
466 521 505 550 ut
538 517 706 562 cujusque
736 516 857 561 figurae
887 515 1085 561 multiplum
1116 514 1243 549 habeat
1272 527 1370 548 suam
1400 515 1589 550 dextimam

170 581 318 625 figuram
348 581 480 615 directe
509 586 664 615 notatam
695 581 760 615 sub
789 581 900 626 figur-21
929 580 1193 625 multiplicante,
1230 585 1264 614 et
1294 585 1436 614 caeteras
1467 581 1588 615 ordine

171 645 407 680 sinistrorsum
427 651 617 691 sequentes,

218 709 380 744 Tertium
408 716 620 756 praecepnun
643 716 704 750 est,
734 716 771 743 ut
795 711 858 744 sub
882 709 936 743 his
959 709 1229 754 particularibus
1252 709 1421 755 multiplis
1439 710 1588 744 ducatur

169 774 237 808 alia
259 774 361 815 linea,
392 782 495 820 atque
519 774 636 808 omnia
658 774 819 820 multipla
841 774 876 808 in
901 787 1009 808 unum
1031 780 1259 820 aggregatum
1281 775 1465 815 addannm
1494 776 1587 820 quod

168 839 309 885 quidem
331 839 398 874 erit
421 839 525 873 totale
548 838 758 885 multiplum,
790 845 823 873 et
846 839 1031 884 quaesitum
1054 839 1159 873 totius
1182 839 1483 885 multiplicationis
1509 854 1585 887 pro-

167 905 321 939 ductum.

362 969 413 1003 Ut
427 969 469 1003 sit
484 969 683 1014 praecedcns
694 981 858 1003 numerus
872 969 1088 1010 865091372)
1099 968 1386 1014 multiplicandus
1398 970 1434 1003 in
1447 974 1582 1008 92105:

313 1034 341 1068 C
345 1033 547 1074 ollocentur‚
564 1034 728 1068 utrolibet
743 1034 822 1074 situ,
840 1039 877 1068 ut
891 1034 910 1067 a
922 1033 1081 1080 margine
1095 1049 1104 1077 3
1130 1034 1255 1068 deinde
1270 1047 1289 1067 a
1302 1035 1423 1080 qumis
1438 1036 1585 1070 termino

645 1099 911 1145 multiplicantis
939 1099 1063 1145 incipe,
1093 1099 1164 1133 sive
1196 1099 1318 1133 dextro
1346 1099 1417 1134 sive
1445 1100 1585 1135 sinistro

414 1137 585 1168 8650913T2
713 1163 719 1170 .
960 1163 967 1170 .
1070 1164 1076 1170 .
1140 1166 1148 1173 „
1468 1165 1475 1171 .

491 1178 584 1206 92105
646 1164 792 1205 ordme3
821 1163 970 1209 exempl]
987 1166 1109 1209 grana,
1136 1178 1155 1198 a
1177 1164 1324 1198 dextro:
1358 1164 1441 1199 Duc
1466 1170 1584 1211 itaque

376 1227 586 1293 Ν(43·(ξ.(5ῗέξίξ450
647 1233 758 1262 totum
769 1228 1075 1274 multiplicandum
1086 1241 1148 1274 per
1159 1234 1181 1263 5
1191 1244 1199 1271 3
1216 1229 1310 1269 fient,
1319 1242 1381 1275 per
1392 1230 1580 1275 prermissa,

338 1270 547 1335 Ῑῖᾷόῗὸἶέῃϊ
646 1292 895 1333 4325456860,
927 1305 1004 1338 quae
1035 1293 1085 1327 ita
1113 1293 1271 1327 locentur
1299 1299 1337 1327 ut
1364 1294 1478 1340 figura
1504 1295 1583 1329 dex-

316 1345 582 1402 {Q
646 1357 731 1391 tima
748 1361 771 1392 Ο
789 1358 853 1391 sub
870 1358 982 1403 figura
998 1357 1252 1404 multiplicante
1276 1363 1297 1391 5
1323 1358 1453 1393 directe
1477 1365 1582 1393 statu-

319 1394 585 1425 19019240818060

645 1428 734 1462 atur,
756 1422 889 1456 caeteris
909 1422 1145 1456 sinistrorsum
1164 1423 1387 1468 sequentibus
1404 1437 1411 1457 ι
1443 1424 1579 1463 deinde,

310 1487 402 1522 idem
431 1487 735 1533 multiplicandum
765 1500 827 1533 per
857 1492 889 1528 O,
921 1488 1015 1533 quod
1044 1488 1134 1522 nihil
1161 1494 1223 1528 est,
1253 1488 1515 1534 multiplicetur,
1549 1496 1581 1523 ct

309 1552 399 1586 nihil
419 1551 622 1598 proveniet3
652 1551 750 1592 nihil,
776 1564 869 1598 ergo,
898 1552 1001 1598 hujus
1025 1552 1334 1598 multiplicationis,
1359 1553 1474 1587 notari
1496 1566 1581 1599 opus

309 1617 437 1652 habet:
467 1616 625 1662 sequitur
646 1616 949 1663 multiplicandum
972 1629 1035 1663 per
1064 1621 1079 1651 1
1106 1618 1257 1659 ducere3
1288 1618 1467 1664 proveniet
1488 1618 1580 1652 idem

308 1694 351 1716 ex
377 1682 509 1722 eodem,
546 1681 610 1716 viz.
639 1681 864 1723 865091372,
893 1694 1041 1728 quarum
1069 1683 1260 1729 figurarum
1289 1683 1443 1717 dextima
1468 1687 1490 1717 42
1517 1685 1581 1718 sub

307 1749 368 1781 sua
385 1746 639 1793 multiplicante
657 1747 769 1793 figura
784 1751 800 1781 1
818 1747 1014 1788 collocetur,
1030 1748 1164 1782 caeteris
1182 1748 1419 1782 sinistrorsum
1437 1761 1579 1794 sequen-

308 1812 399 1847 tibus
416 1825 424 1846 :
455 1812 580 1846 deinde
606 1811 700 1847 idem
725 1813 1031 1859 multiplicandum
1048 1813 1256 1860 duplicetur,
1278 1827 1338 1848 seu
1355 1826 1418 1860 per
1436 1819 1457 1848 ι)
1476 1815 1578 1849 duca-

308 1884 375 1917 tur,
401 1883 436 1911 et
456 1877 539 1912 fient
562 1881 808 1919 17301sst2⁸411½
835 1890 981 1924 quarum
1006 1878 1092 1913 situs
1117 1878 1261 1924 incipiat
1287 1880 1351 1913 sub
1377 1892 1438 1913 suo
1464 1879 1578 1913 multi-

306 1941 457 1988 plicante
471 1945 504 1982 Q,
524 1947 558 1977 et
576 1942 657 1977 inde
675 1942 912 1977 sinistrorsum
926 1944 1203 1990 progrediendo:
1229 1944 1354 1978 deinde
1368 1950 1478 1978 totum
1492 1944 1577 1978 mul-

307 2006 536 2053 tiplicandum
550 2007 617 2042 due
631 2007 667 2042 in
682 2012 703 2047 9
718 2023 726 2051 3
755 2008 839 2042 fient
852 2014 873 2049 7
877 2012 1103 2049 785822348,
1120 2021 1207 2054 quae,
1225 2009 1289 2043 sub
1303 2013 1324 2046 9
1339 2008 1423 2042 situs
1438 2008 1576 2042 initium

305 2071 482 2112 habentes,
508 2072 591 2106 hinc
609 2073 730 2107 ordine
747 2073 930 2107 laevorsum
947 2079 1112 2107 notentur
1128 2087 1136 2107 2
1165 2073 1335 2113 Tandem,
1357 2073 1473 2106 omnia
1491 2073 1576 2106 invi-

305 2149 379 2172 cem
394 2136 622 2183 particularia
638 2138 808 2184 multipla,
824 2138 924 2173 lineis
938 2138 1136 2178 interclusa,
1152 2138 1252 2178 adde,
1269 2150 1308 2172 eo
1326 2150 1429 2183 quem
1447 2138 1575 2173 habent

306 2201 385 2241 situ,
411 2202 551 2237 et'fient
574 2202 922 2244 79679240818060,
944 2216 1006 2249 pro
1030 2203 1199 2248 completo
1227 2208 1260 2237 et
1289 2202 1434 2247 quaesito
1461 2203 1574 2237 multi-
