1747 2620
162 226 202 254 :34
614 222 676 251 DE
704 220 830 252 ARTE
856 219 1131 251 LOGISTICA.

165 330 363 376 multiplum
391 328 565 374 sequentis
591 329 723 374 figurae,
749 327 785 360 in
813 326 950 360 unicam
977 323 1241 369 multiplicatae3
1275 321 1465 367 aggregati,
1486 322 1577 359 vers),

167 395 269 429 unica
285 395 408 440 figura,
424 393 478 427 vel
495 391 670 427 dexterior
685 391 731 435 (si
749 391 826 424 (luae
845 389 942 433 sint),
960 389 1176 427 subnotetur,
1193 386 1385 420 sinisterior
1402 392 1517 420 autem
1532 385 1578 430 (si

166 473 241 504 quae
260 459 322 503 sit)
340 458 456 492 animo
472 461 677 495 reservetur,
698 454 860 488 addenda
878 459 915 487 ut
932 453 1029 498 prius
1046 467 1054 493 3
1085 457 1118 485 et
1136 451 1209 485 haee
1227 449 1382 496 operatio
1400 449 1435 483 in
1454 449 1580 483 sinisti-

166 536 257 557 nlam
276 536 335 557 seu
353 521 511 556 ultimam
529 520 677 565 figuram
695 524 746 553 est
764 518 961 563 repetenda.

215 587 375 621 Tertium
393 591 455 625 est,
476 589 514 618 ut
532 583 662 617 ultimae
680 583 799 628 figurae
817 581 1026 627 multiplum,
1043 592 1122 614 cum
1136 579 1320 613 novissime
1334 578 1450 612 animo
1464 591 1580 612 recon-

166 653 238 686 dita
252 651 299 696 (si
317 664 393 696 quae
411 649 483 695 sit),
500 649 536 682 in
551 648 689 682 unicam
708 659 877 681 sumniam
896 646 1089 685 collectum,
1111 643 1290 678 sinistimis
1307 642 1391 677 locis
1405 642 1580 688 integrum

168 718 381 751 >subnotetur.

360 779 411 813 Ut
434 779 503 812 sint
526 777 740 818 8650913722
764 775 1062 821 quintuplicanda,
1088 787 1148 808 seu
1169 785 1230 819 per
1248 778 1269 806 5
1288 772 1554 818 multiplicanda
1571 787 1578 807 :

313 845 442 878 Eorum
461 843 556 883 situs,
577 847 752 887 utcunque
771 840 825 879 sit,
847 846 883 874 ut
903 840 938 874 in
958 839 1138 885 margine:
1172 837 1299 877 Primo,
1321 837 1449 882 itaque,
1470 838 1582 883 figura

607 905 761 939 dextima
783 908 815 944 Ω,
842 904 877 937 in
902 904 1040 937 unicam
1064 901 1382 948 inultiplicatricem
1405 906 1437 941 5,
1467 902 1581 936 multi-

337 945 508 976 865091372
646 971 652 976 .

491 987 506 1012 5
607 971 780 1017 plicetur,
820 969 904 1003 fient
938 974 981 1002 1()
1012 969 1106 1013 (duae
1136 968 1284 1014 figurae),
1322 979 1469 1012 quorum
1501 967 1580 1000 dex-

318 1039 508 1067 4325456860
608 1042 697 1070 tram
721 1040 744 1069 O
767 1035 924 1074 subnoto,
954 1039 968 1067 1
995 1040 1111 1068 autem
1134 1045 1295 1074 reservo3
1329 1032 1455 1066 deinde
1479 1033 1578 1072 duco,

608 1114 668 1135 seu
691 1100 895 1146 multiplico,
919 1105 941 1141 7
965 1099 1002 1133 in
1025 1104 1058 1139 5,
1083 1099 1166 1132 fient
1189 1101 1261 1137 35;
1295 1098 1421 1143 quibus
1445 1098 1535 1132 addo
1563 1102 1577 1131 1

318 1155 546 1234 W
608 1172 832 1205 reservatum,
865 1165 954 1199 fiunt
979 1164 1050 1205 363
1088 1175 1236 1209 quarum
1267 1163 1425 1197 dextram
1455 1163 1476 1195 (ὃ
1505 1163 1581 1196 sub-

607 1237 699 1271 noto,
718 1230 828 1265 tribus
845 1235 961 1264 mente
978 1228 1167 1263 reconditis
1181 1242 1188 1262 t
1220 1229 1331 1274 Pergo
1345 1233 1460 1270 3—ter
1473 1233 1505 1267 5,
1522 1241 1582 1261 seu

313 1296 497 1342 quinquies
520 1299 552 1335 3,
584 1301 664 1329 sunt
690 1299 744 1335 15,
775 1300 809 1329 ot
831 1298 864 1334 3,
890 1299 1004 1328 monte
1027 1298 1212 1332 reservata,
1240 1292 1329 1326 fiunt
1356 1296 1409 1331 18,
1437 1293 1582 1326 subnoto

314 1367 345 1400 8,
372 1367 406 1395 et
432 1365 447 1394 1
474 1372 636 1402 reservo;
669 1359 825 1405 sequitur
849 1358 1033 1404 quinquies
1056 1362 1084 1397 l,
1110 1358 1198 1391 fiunt
1219 1362 1251 1397 5,
1280 1362 1313 1391 et
1334 1361 1349 1390 1
1371 1363 1582 1391 reservatum

311 1427 399 1460 fiunt
434 1425 465 1464 6,
512 1424 613 1458 unica
655 1424 767 1470 figura
809 1423 1036 1462 subnotanda,
1080 1422 1190 1456 nihilo
1224 1428 1339 1456 mente
1377 1427 1551 1455 reservato
1571 1437 1580 1461 ;

313 1490 450 1528 deinde,
481 1489 666 1535 quinquies
691 1494 712 1527 ξ)
736 1494 816 1522 sunt
838 1492 883 1522 45
901 1503 909 1530 ;
943 1487 1123 1521 subscribo
1146 1492 1178 1527 5,
1208 1492 1323 1521 mente
1350 1492 1465 1520 autom
1488 1491 1509 1520 4«
1533 1499 1582 1520 re-

312 1567 431 1595 servo,
458 1554 615 1599 sequitur
633 1553 818 1599 quinquies
837 1557 869 1593 O,
890 1552 983 1597 quod
1001 1551 1142 1597 quidem
1160 1551 1249 1585 nihil
1267 1556 1340 1593 θεῖ,
1369 1551 1444 1591 hoc,
1465 1563 1542 1585 cum
1569 1556 1582 1584 l⁴

311 1619 504 1657 reservatis,
521 1618 603 1652 facit
617 1623 638 1651 —l‹
653 1618 888 1652 subnotanda:
917 1615 1365 1661 Prosequor3—quinquies
1379 1621 1399 1649 5
1416 1621 1494 1649 sunt
1510 1619 1555 1649 ‘25
1571 1631 1579 1655 ·‚

313 1690 394 1717 noto
419 1688 452 1722 5,
485 1695 621 1716 reservo
648 1686 693 1724 Q,
731 1682 812 1716 inde.
838 1682 927 1715 duco
954 1681 975 1715 (i
1000 1682 1036 1714 in
1063 1686 1095 1720 5,
1124 1680 1331 1725 proveniunt
1358 1683 1414 1719 30,
1444 1686 1476 1713 et
1504 1693 1582 1714 cuin

309 1747 492 1781 reservatis
510 1751 531 1780 Q
549 1747 637 1780 fiunt
655 1750 701 1780 32)
718 1761 726 1787 ;
760 1745 873 1780 scribo
892 1750 924 1785 42,
945 1757 1081 1779 reservo
1099 1748 1120 1778 3
1138 1760 1146 1787 ς
1175 1745 1326 1784 tandem,
1346 1744 1435 1778 duco
1454 1750 1474 1778 ὅ
1493 1744 1528 1777 in
1547 1749 1580 1783 5,

313 1812 401 1845 fiunt
419 1815 475 1851 40,
500 1811 626 1856 quibus
645 1811 735 1844 addo
753 1814 775 1844 3
793 1815 977 1849 reservata,
999 1810 1072 1855 jam
1090 1809 1245 1843 omnium
1267 1809 1400 1849 ultimo,
1426 1809 1583 1854 fiuntque

319 1879 370 1915 43,
408 1888 484 1920 quae
514 1874 655 1920 quidem
685 1874 829 1920 integre,
866 1873 901 1907 in
932 1873 1015 1907 locis
1046 1873 1200 1907 omnium
1230 1873 1421 1913 sinistimis,
1458 1873 1581 1908 scribo.

315 1939 455 1979 Totum,
481 1939 608 1984 itaque,
634 1938 833 1983 multiplum
857 1937 1039 1982 quaesitum
1063 1943 1113 1971 est
1137 1937 1362 1971 ›1‹3Q54‹.586t›.

219 2070 392 2114 Superest,
414 2069 497 2114 jam,
523 2067 676 2113 plurium
698 2068 889 2113 figurarum
911 2079 972 2113 per
995 2067 1111 2112 plures
1135 2066 1387 2112 multiplicatio.

222 2132 473 2178 Multiplicatio
501 2131 653 2177 plurium
681 2132 873 2178 figurarum
901 2144 962 2177 per
989 2131 1115 2177 plures,
1145 2137 1271 2177 praeter
1298 2131 1485 2176 praemissa,
1518 2131 1585 2165 tria

172 2198 277 2231 habet
300 2204 481 2243 praecepta.
