<?xml version="1.0" encoding="UTF-8"?>
<!DOCTYPE html PUBLIC "-//W3C//DTD XHTML 1.0 Transitional//EN"
    "http://www.w3.org/TR/xhtml1/DTD/xhtml1-transitional.dtd">
<html xmlns="http://www.w3.org/1999/xhtml" xml:lang="en" lang="en">
 <head>
  <title>
</title>
<meta http-equiv="Content-Type" content="text/html;charset=utf-8" />
  <meta name='ocr-system' content='tesseract 3.04.00' />
  <meta name='ocr-capabilities' content='ocr_page ocr_carea ocr_par ocr_line ocrx_word'/>
</head>
<body>
  <div class='ocr_page' id='page_1' title='image "./deartelogisticaj00bann_0265.png"; bbox 0 0 1747 2620; ppageno 0'>
   <div class='ocr_carea' id='block_1_1' title="bbox 637 194 1603 232">
    <p class='ocr_par' dir='ltr' id='par_1_1' title="bbox 637 194 1603 232">
     <span class='ocr_line' id='line_1_1' title="bbox 637 194 1603 232; baseline 0.006 -7"><span class='ocrx_word' id='word_1_1' title='bbox 637 195 700 225; x_wconf 91' lang='lat' dir='ltr'>DE</span> <span class='ocrx_word' id='word_1_2' title='bbox 726 194 854 225; x_wconf 88' lang='lat' dir='ltr'><strong>ARTE</strong></span> <span class='ocrx_word' id='word_1_3' title='bbox 880 194 1154 226; x_wconf 86' lang='lat' dir='ltr'>LOGISTICA.</span> <span class='ocrx_word' id='word_1_4' title='bbox 1549 202 1603 232; x_wconf 86' lang='lat'>147</span> 
     </span>
    </p>
   </div>
   <div class='ocr_carea' id='block_1_2' title="bbox 585 333 1194 380">
    <p class='ocr_par' dir='ltr' id='par_1_2' title="bbox 585 333 1194 380">
     <span class='ocr_line' id='line_1_2' title="bbox 585 333 1194 380; baseline 0 -12"><span class='ocrx_word' id='word_1_5' title='bbox 585 334 793 380; x_wconf 79' lang='lat' dir='ltr'>Exemplum</span> <span class='ocrx_word' id='word_1_6' title='bbox 811 333 940 380; x_wconf 79' lang='lat' dir='ltr'>regulae</span> <span class='ocrx_word' id='word_1_7' title='bbox 958 334 1194 379; x_wconf 75' lang='lat' dir='ltr'>supersolidae.</span> 
     </span>
    </p>
   </div>
   <div class='ocr_carea' id='block_1_3' title="bbox 224 430 1598 550">
    <p class='ocr_par' dir='ltr' id='par_1_3' title="bbox 224 430 1598 550">
     <span class='ocr_line' id='line_1_3' title="bbox 224 430 1598 484; baseline 0.001 -19"><span class='ocrx_word' id='word_1_8' title='bbox 224 431 861 484; x_wconf 51' lang='lat' dir='ltr'>ffl-st-5a-Q-{b410cfffflh—{4-IO-{bss</span> <span class='ocrx_word' id='word_1_9' title='bbox 890 430 1181 484; x_wconf 61' lang='lat' dir='ltr'>÷5b{¹{&#39;cc÷l—l3ss</span> <span class='ocrx_word' id='word_1_10' title='bbox 1215 432 1228 476; x_wconf 90' lang='lat'>(</span> <span class='ocrx_word' id='word_1_11' title='bbox 1250 433 1380 475; x_wconf 61' lang='lat' dir='ltr'>la4lb</span> <span class='ocrx_word' id='word_1_12' title='bbox 1400 445 1482 467; x_wconf 84' lang='lat' dir='ltr'>vera</span> <span class='ocrx_word' id='word_1_13' title='bbox 1499 433 1598 467; x_wconf 81' lang='lat' dir='ltr'>radix</span> 
     </span>
     <span class='ocr_line' id='line_1_4' title="bbox 334 497 1512 550; baseline -0.008 -8"><span class='ocrx_word' id='word_1_14' title='bbox 334 498 441 541; x_wconf 44' lang='lat'>&amp;1:2⁵3</span> <span class='ocrx_word' id='word_1_15' title='bbox 469 497 1177 550; x_wconf 50' lang='lat' dir='ltr'>÷lOb—{³a·e-{-10b⁹ea-{÷5b-}{aq-Q</span> <span class='ocrx_word' id='word_1_16' title='bbox 1287 497 1512 543; x_wconf 85' lang='lat' dir='ltr'>supersolida.</span> 
     </span>
    </p>
   </div>
   <div class='ocr_carea' id='block_1_4' title="bbox 736 479 861 484">
    <p class='ocr_par' dir='ltr' id='par_1_4' title="bbox 736 479 861 484">
     <span class='ocr_line' id='line_1_5' title="bbox 736 479 861 484; baseline 0 0"><span class='ocrx_word' id='word_1_17' title='bbox 736 479 861 484; x_wconf 95' lang='lat' dir='ltr'> </span> 
     </span>
    </p>
   </div>
   <div class='ocr_carea' id='block_1_5' title="bbox 936 479 1061 485">
    <p class='ocr_par' dir='ltr' id='par_1_5' title="bbox 936 479 1061 485">
     <span class='ocr_line' id='line_1_6' title="bbox 936 479 1061 485; baseline 0 0"><span class='ocrx_word' id='word_1_18' title='bbox 936 479 1061 485; x_wconf 95' lang='lat' dir='ltr'> </span> 
     </span>
    </p>
   </div>
   <div class='ocr_carea' id='block_1_6' title="bbox 518 479 679 485">
    <p class='ocr_par' dir='ltr' id='par_1_6' title="bbox 518 479 679 485">
     <span class='ocr_line' id='line_1_7' title="bbox 518 479 679 485; baseline 0 0"><span class='ocrx_word' id='word_1_19' title='bbox 518 479 679 485; x_wconf 95' lang='lat' dir='ltr'> </span> 
     </span>
    </p>
   </div>
   <div class='ocr_carea' id='block_1_7' title="bbox 346 480 472 486">
    <p class='ocr_par' dir='ltr' id='par_1_7' title="bbox 346 480 472 486">
     <span class='ocr_line' id='line_1_8' title="bbox 346 480 472 486; baseline 0 0"><span class='ocrx_word' id='word_1_20' title='bbox 346 480 472 486; x_wconf 95' lang='lat' dir='ltr'> </span> 
     </span>
    </p>
   </div>
   <div class='ocr_carea' id='block_1_8' title="bbox 933 544 1058 549">
    <p class='ocr_par' dir='ltr' id='par_1_8' title="bbox 933 544 1058 549">
     <span class='ocr_line' id='line_1_9' title="bbox 933 544 1058 549; baseline 0 0"><span class='ocrx_word' id='word_1_21' title='bbox 933 544 1058 549; x_wconf 95' lang='lat' dir='ltr'> </span> 
     </span>
    </p>
   </div>
   <div class='ocr_carea' id='block_1_9' title="bbox 513 545 666 551">
    <p class='ocr_par' dir='ltr' id='par_1_9' title="bbox 513 545 666 551">
     <span class='ocr_line' id='line_1_10' title="bbox 513 545 666 551; baseline 0 0"><span class='ocrx_word' id='word_1_22' title='bbox 513 545 666 551; x_wconf 95' lang='lat' dir='ltr'> </span> 
     </span>
    </p>
   </div>
   <div class='ocr_carea' id='block_1_10' title="bbox 720 546 877 551">
    <p class='ocr_par' dir='ltr' id='par_1_10' title="bbox 720 546 877 551">
     <span class='ocr_line' id='line_1_11' title="bbox 720 546 877 551; baseline 0 0"><span class='ocrx_word' id='word_1_23' title='bbox 720 546 877 551; x_wconf 95' lang='lat' dir='ltr'> </span> 
     </span>
    </p>
   </div>
   <div class='ocr_carea' id='block_1_11' title="bbox 333 546 439 552">
    <p class='ocr_par' dir='ltr' id='par_1_11' title="bbox 333 546 439 552">
     <span class='ocr_line' id='line_1_12' title="bbox 333 546 439 552; baseline 0 0"><span class='ocrx_word' id='word_1_24' title='bbox 333 546 439 552; x_wconf 95' lang='lat' dir='ltr'> </span> 
     </span>
    </p>
   </div>
   <div class='ocr_carea' id='block_1_12' title="bbox 177 625 1602 1126">
    <p class='ocr_par' dir='ltr' id='par_1_12' title="bbox 177 625 1602 802">
     <span class='ocr_line' id='line_1_13' title="bbox 227 625 1602 673; baseline 0.001 -13"><span class='ocrx_word' id='word_1_25' title='bbox 227 631 260 660; x_wconf 82' lang='lat'>5.</span> <span class='ocrx_word' id='word_1_26' title='bbox 290 626 390 660; x_wconf 83' lang='lat' dir='ltr'>Patet</span> <span class='ocrx_word' id='word_1_27' title='bbox 409 626 527 672; x_wconf 85' lang='lat' dir='ltr'>itaque</span> <span class='ocrx_word' id='word_1_28' title='bbox 545 638 588 660; x_wconf 86' lang='lat' dir='ltr'>ex</span> <span class='ocrx_word' id='word_1_29' title='bbox 605 625 794 671; x_wconf 73' lang='lat' dir='ltr'>praemissis</span> <span class='ocrx_word' id='word_1_30' title='bbox 808 626 903 671; x_wconf 89' lang='lat' dir='ltr'>quod</span> <span class='ocrx_word' id='word_1_31' title='bbox 916 625 1042 671; x_wconf 75' lang='lat' dir='ltr'>aliquae</span> <span class='ocrx_word' id='word_1_32' title='bbox 1056 626 1312 661; x_wconf 86' lang='lat' dir='ltr'>extractionum</span> <span class='ocrx_word' id='word_1_33' title='bbox 1330 627 1488 673; x_wconf 76' lang='lat' dir='ltr'>reliquiae</span> <span class='ocrx_word' id='word_1_34' title='bbox 1505 628 1602 662; x_wconf 86' lang='lat' dir='ltr'>nulla</span> 
     </span>
     <span class='ocr_line' id='line_1_14' title="bbox 178 690 1599 737; baseline 0.001 -12"><span class='ocrx_word' id='word_1_35' title='bbox 178 691 308 726; x_wconf 83' lang='lat' dir='ltr'>habent</span> <span class='ocrx_word' id='word_1_36' title='bbox 340 691 440 737; x_wconf 76' lang='lat' dir='ltr'>signa</span> <span class='ocrx_word' id='word_1_37' title='bbox 469 691 628 737; x_wconf 82' lang='lat' dir='ltr'>positiva,</span> <span class='ocrx_word' id='word_1_38' title='bbox 662 697 696 725; x_wconf 88' lang='lat' dir='ltr'>ct</span> <span class='ocrx_word' id='word_1_39' title='bbox 724 691 779 725; x_wconf 78' lang='lat' dir='ltr'>hae</span> <span class='ocrx_word' id='word_1_40' title='bbox 807 690 965 736; x_wconf 79' lang='lat' dir='ltr'>reliquiae</span> <span class='ocrx_word' id='word_1_41' title='bbox 995 696 1075 725; x_wconf 85' lang='lat' dir='ltr'>totae</span> <span class='ocrx_word' id='word_1_42' title='bbox 1107 691 1268 726; x_wconf 81' lang='lat' dir='ltr'>formales</span> <span class='ocrx_word' id='word_1_43' title='bbox 1295 692 1461 727; x_wconf 85' lang='lat' dir='ltr'>dicuntur</span> <span class='ocrx_word' id='word_1_44' title='bbox 1477 708 1486 735; x_wconf 77' lang='lat'><em>3</em></span> <span class='ocrx_word' id='word_1_45' title='bbox 1524 693 1599 727; x_wconf 77' lang='lat' dir='ltr'>aliae</span> 
     </span>
     <span class='ocr_line' id='line_1_15' title="bbox 177 755 1139 802; baseline 0 -12"><span class='ocrx_word' id='word_1_46' title='bbox 177 756 335 802; x_wconf 84' lang='lat' dir='ltr'>reliquiae</span> <span class='ocrx_word' id='word_1_47' title='bbox 356 756 500 798; x_wconf 86' lang='lat' dir='ltr'>habent,</span> <span class='ocrx_word' id='word_1_48' title='bbox 521 761 555 790; x_wconf 86' lang='lat' dir='ltr'>et</span> <span class='ocrx_word' id='word_1_49' title='bbox 573 756 627 790; x_wconf 83' lang='lat' dir='ltr'>hae</span> <span class='ocrx_word' id='word_1_50' title='bbox 646 761 726 790; x_wconf 85' lang='lat' dir='ltr'>totae</span> <span class='ocrx_word' id='word_1_51' title='bbox 745 755 943 789; x_wconf 82' lang='lat' dir='ltr'>informales</span> <span class='ocrx_word' id='word_1_52' title='bbox 962 755 1139 790; x_wconf 87' lang='lat' dir='ltr'>dicuntur.</span> 
     </span>
    </p>

    <p class='ocr_par' dir='ltr' id='par_1_13' title="bbox 319 820 1598 1126">
     <span class='ocr_line' id='line_1_16' title="bbox 372 820 1598 867; baseline 0.001 -12"><span class='ocrx_word' id='word_1_53' title='bbox 372 821 423 856; x_wconf 88' lang='lat' dir='ltr'>Ut</span> <span class='ocrx_word' id='word_1_54' title='bbox 440 821 477 854; x_wconf 90' lang='lat' dir='ltr'>in</span> <span class='ocrx_word' id='word_1_55' title='bbox 495 820 662 866; x_wconf 81' lang='lat' dir='ltr'>exemplis</span> <span class='ocrx_word' id='word_1_56' title='bbox 681 824 713 861; x_wconf 70' lang='lat'>⁴2,</span> <span class='ocrx_word' id='word_1_57' title='bbox 729 824 762 860; x_wconf 84' lang='lat'>3,</span> <span class='ocrx_word' id='word_1_58' title='bbox 779 825 813 854; x_wconf 90' lang='lat' dir='ltr'>et</span> <span class='ocrx_word' id='word_1_59' title='bbox 826 824 848 854; x_wconf 72' lang='lat'><strong>4</strong></span> <span class='ocrx_word' id='word_1_60' title='bbox 862 820 1087 854; x_wconf 77' lang='lat' dir='ltr'>extractionis</span> <span class='ocrx_word' id='word_1_61' title='bbox 1100 821 1292 866; x_wconf 72' lang='lat' dir='ltr'>quadratae,</span> <span class='ocrx_word' id='word_1_62' title='bbox 1309 821 1466 867; x_wconf 79' lang='lat' dir='ltr'>reliquiae</span> <span class='ocrx_word' id='word_1_63' title='bbox 1481 834 1598 856; x_wconf 88' lang='lat' dir='ltr'>omnes</span> 
     </span>
     <span class='ocr_line' id='line_1_17' title="bbox 321 885 1598 932; baseline 0 -12"><span class='ocrx_word' id='word_1_64' title='bbox 321 886 478 932; x_wconf 88' lang='lat' dir='ltr'>priorum</span> <span class='ocrx_word' id='word_1_65' title='bbox 501 898 645 932; x_wconf 90' lang='lat' dir='ltr'>operum</span> <span class='ocrx_word' id='word_1_66' title='bbox 669 891 750 919; x_wconf 89' lang='lat' dir='ltr'>sunt</span> <span class='ocrx_word' id='word_1_67' title='bbox 771 885 982 925; x_wconf 82' lang='lat' dir='ltr'>informales,</span> <span class='ocrx_word' id='word_1_68' title='bbox 1009 886 1200 920; x_wconf 87' lang='lat' dir='ltr'>eorundem</span> <span class='ocrx_word' id='word_1_69' title='bbox 1223 891 1339 920; x_wconf 88' lang='lat' dir='ltr'>autem</span> <span class='ocrx_word' id='word_1_70' title='bbox 1362 887 1598 932; x_wconf 83' lang='lat' dir='ltr'>exemplorum</span> 
     </span>
     <span class='ocr_line' id='line_1_18' title="bbox 319 949 1595 996; baseline 0 -11"><span class='ocrx_word' id='word_1_71' title='bbox 319 951 515 985; x_wconf 69' lang='lat' dir='ltr'>novissimae</span> <span class='ocrx_word' id='word_1_72' title='bbox 534 949 691 996; x_wconf 59' lang='lat' dir='ltr'>reliquiae</span> <span class='ocrx_word' id='word_1_73' title='bbox 710 955 791 983; x_wconf 87' lang='lat' dir='ltr'>sunt</span> <span class='ocrx_word' id='word_1_74' title='bbox 808 961 974 983; x_wconf 88' lang='lat' dir='ltr'>numerus</span> <span class='ocrx_word' id='word_1_75' title='bbox 990 964 999 992; x_wconf 82' lang='lat'><em>3</em></span> <span class='ocrx_word' id='word_1_76' title='bbox 1027 955 1130 995; x_wconf 89' lang='lat' dir='ltr'>atque</span> <span class='ocrx_word' id='word_1_77' title='bbox 1148 950 1227 984; x_wconf 85' lang='lat' dir='ltr'>ideo</span> <span class='ocrx_word' id='word_1_78' title='bbox 1241 950 1401 985; x_wconf 73' lang='lat' dir='ltr'>formales</span> <span class='ocrx_word' id='word_1_79' title='bbox 1420 951 1595 991; x_wconf 87' lang='lat' dir='ltr'>dicuntur,</span> 
     </span>
     <span class='ocr_line' id='line_1_19' title="bbox 321 1013 1597 1061; baseline 0.001 -12"><span class='ocrx_word' id='word_1_80' title='bbox 321 1015 501 1061; x_wconf 81' lang='lat' dir='ltr'>Exemplis</span> <span class='ocrx_word' id='word_1_81' title='bbox 515 1015 597 1049; x_wconf 75' lang='lat' dir='ltr'>vero</span> <span class='ocrx_word' id='word_1_82' title='bbox 614 1019 636 1049; x_wconf 88' lang='lat'><em>5</em></span> <span class='ocrx_word' id='word_1_83' title='bbox 655 1020 690 1048; x_wconf 87' lang='lat' dir='ltr'>et</span> <span class='ocrx_word' id='word_1_84' title='bbox 708 1013 729 1048; x_wconf 83' lang='lat'>6</span> <span class='ocrx_word' id='word_1_85' title='bbox 748 1014 938 1060; x_wconf 58' lang='lat' dir='ltr'>quadram,</span> <span class='ocrx_word' id='word_1_86' title='bbox 959 1019 992 1048; x_wconf 86' lang='lat' dir='ltr'>et</span> <span class='ocrx_word' id='word_1_87' title='bbox 1011 1018 1033 1048; x_wconf 76' lang='lat' dir='ltr'><strong><em>Q</em></strong></span> <span class='ocrx_word' id='word_1_88' title='bbox 1050 1014 1182 1049; x_wconf 85' lang='lat' dir='ltr'>cubicae</span> <span class='ocrx_word' id='word_1_89' title='bbox 1200 1014 1356 1060; x_wconf 74' lang='lat' dir='ltr'>reliquiae</span> <span class='ocrx_word' id='word_1_90' title='bbox 1375 1028 1503 1056; x_wconf 89' lang='lat' dir='ltr'>omnes,</span> <span class='ocrx_word' id='word_1_91' title='bbox 1524 1018 1597 1050; x_wconf 71' lang='lat' dir='ltr'>tum</span> 
     </span>
     <span class='ocr_line' id='line_1_20' title="bbox 319 1078 1596 1126; baseline 0.001 -12"><span class='ocrx_word' id='word_1_92' title='bbox 319 1079 443 1126; x_wconf 77' lang='lat' dir='ltr'>primae</span> <span class='ocrx_word' id='word_1_93' title='bbox 477 1081 551 1114; x_wconf 70' lang='lat' dir='ltr'>tsnn</span> <span class='ocrx_word' id='word_1_94' title='bbox 586 1078 793 1119; x_wconf 69' lang='lat' dir='ltr'>novissimae,</span> <span class='ocrx_word' id='word_1_95' title='bbox 830 1091 870 1113; x_wconf 88' lang='lat' dir='ltr'>eo</span> <span class='ocrx_word' id='word_1_96' title='bbox 901 1079 994 1124; x_wconf 93' lang='lat' dir='ltr'>quod</span> <span class='ocrx_word' id='word_1_97' title='bbox 1024 1078 1183 1124; x_wconf 82' lang='lat' dir='ltr'>positivis</span> <span class='ocrx_word' id='word_1_98' title='bbox 1218 1084 1361 1120; x_wconf 78' lang='lat' dir='ltr'>scatent,</span> <span class='ocrx_word' id='word_1_99' title='bbox 1398 1080 1596 1115; x_wconf 82' lang='lat' dir='ltr'>informales</span> 
     </span>
    </p>
   </div>
   <div class='ocr_carea' id='block_1_13' title="bbox 325 1144 503 1179">
    <p class='ocr_par' dir='ltr' id='par_1_14' title="bbox 325 1144 503 1179">
     <span class='ocr_line' id='line_1_21' title="bbox 325 1144 503 1179; baseline -0.006 -1"><span class='ocrx_word' id='word_1_100' title='bbox 325 1144 503 1179; x_wconf 80' lang='lat' dir='ltr'>dicuntur.</span> 
     </span>
    </p>
   </div>
   <div class='ocr_carea' id='block_1_14' title="bbox 175 1272 1596 1448">
    <p class='ocr_par' dir='ltr' id='par_1_15' title="bbox 175 1272 1596 1448">
     <span class='ocr_line' id='line_1_22' title="bbox 229 1272 1596 1318; baseline -0.001 -10"><span class='ocrx_word' id='word_1_101' title='bbox 229 1273 471 1309; x_wconf 86' lang='lat' dir='ltr'>Informatium</span> <span class='ocrx_word' id='word_1_102' title='bbox 489 1272 718 1318; x_wconf 86' lang='lat' dir='ltr'>reliquiarum</span> <span class='ocrx_word' id='word_1_103' title='bbox 737 1272 898 1317; x_wconf 76' lang='lat' dir='ltr'>quaedam</span> <span class='ocrx_word' id='word_1_104' title='bbox 920 1278 1001 1306; x_wconf 87' lang='lat' dir='ltr'>sunt</span> <span class='ocrx_word' id='word_1_105' title='bbox 1019 1272 1230 1313; x_wconf 87' lang='lat' dir='ltr'>formabiles,</span> <span class='ocrx_word' id='word_1_106' title='bbox 1251 1273 1412 1318; x_wconf 82' lang='lat' dir='ltr'>quaedam</span> <span class='ocrx_word' id='word_1_107' title='bbox 1433 1273 1596 1307; x_wconf 87' lang='lat' dir='ltr'>reforma-</span> 
     </span>
     <span class='ocr_line' id='line_1_23' title="bbox 175 1336 1153 1384; baseline -0.004 -10"><span class='ocrx_word' id='word_1_108' title='bbox 175 1339 272 1379; x_wconf 87' lang='lat' dir='ltr'>biles,</span> <span class='ocrx_word' id='word_1_109' title='bbox 293 1339 454 1384; x_wconf 86' lang='lat' dir='ltr'>quaedam</span> <span class='ocrx_word' id='word_1_110' title='bbox 472 1350 613 1384; x_wconf 89' lang='lat' dir='ltr'>prorsus</span> <span class='ocrx_word' id='word_1_111' title='bbox 631 1337 801 1371; x_wconf 80' lang='lat' dir='ltr'>deformes</span> <span class='ocrx_word' id='word_1_112' title='bbox 820 1341 854 1370; x_wconf 90' lang='lat' dir='ltr'>et</span> <span class='ocrx_word' id='word_1_113' title='bbox 871 1336 1153 1371; x_wconf 87' lang='lat' dir='ltr'>irreformabiles.</span> 
     </span>
     <span class='ocr_line' id='line_1_24' title="bbox 369 1400 1253 1448; baseline -0.003 -10"><span class='ocrx_word' id='word_1_114' title='bbox 369 1403 420 1438; x_wconf 89' lang='lat' dir='ltr'>Ut</span> <span class='ocrx_word' id='word_1_115' title='bbox 438 1402 605 1448; x_wconf 88' lang='lat' dir='ltr'>exemplis</span> <span class='ocrx_word' id='word_1_116' title='bbox 623 1401 781 1448; x_wconf 76' lang='lat' dir='ltr'>proxime</span> <span class='ocrx_word' id='word_1_117' title='bbox 799 1401 1091 1446; x_wconf 87' lang='lat' dir='ltr'>subsequentibus</span> <span class='ocrx_word' id='word_1_118' title='bbox 1109 1400 1253 1446; x_wconf 85' lang='lat' dir='ltr'>patebit.</span> 
     </span>
    </p>
   </div>
   <div class='ocr_carea' id='block_1_15' title="bbox 174 1529 1595 1706">
    <p class='ocr_par' dir='ltr' id='par_1_16' title="bbox 174 1529 1595 1706">
     <span class='ocr_line' id='line_1_25' title="bbox 224 1529 1595 1576; baseline -0.001 -10"><span class='ocrx_word' id='word_1_119' title='bbox 224 1532 255 1566; x_wconf 79' lang='lat'>6.</span> <span class='ocrx_word' id='word_1_120' title='bbox 284 1531 499 1566; x_wconf 87' lang='lat' dir='ltr'>Formabiles</span> <span class='ocrx_word' id='word_1_121' title='bbox 523 1536 603 1564; x_wconf 81' lang='lat' dir='ltr'>sunt</span> <span class='ocrx_word' id='word_1_122' title='bbox 626 1529 784 1576; x_wconf 86' lang='lat' dir='ltr'>reliquiae</span> <span class='ocrx_word' id='word_1_123' title='bbox 802 1541 882 1563; x_wconf 90' lang='lat' dir='ltr'>cum</span> <span class='ocrx_word' id='word_1_124' title='bbox 900 1529 1026 1575; x_wconf 91' lang='lat' dir='ltr'>quibus</span> <span class='ocrx_word' id='word_1_125' title='bbox 1048 1529 1202 1564; x_wconf 87' lang='lat' dir='ltr'>secunda</span> <span class='ocrx_word' id='word_1_126' title='bbox 1218 1541 1298 1576; x_wconf 90' lang='lat' dir='ltr'>pars</span> <span class='ocrx_word' id='word_1_127' title='bbox 1316 1530 1446 1576; x_wconf 83' lang='lat' dir='ltr'>regulae</span> <span class='ocrx_word' id='word_1_128' title='bbox 1463 1537 1595 1565; x_wconf 87' lang='lat' dir='ltr'>extrac-</span> 
     </span>
     <span class='ocr_line' id='line_1_26' title="bbox 175 1593 1595 1641; baseline -0.002 -10"><span class='ocrx_word' id='word_1_129' title='bbox 175 1596 279 1631; x_wconf 86' lang='lat' dir='ltr'>tionis</span> <span class='ocrx_word' id='word_1_130' title='bbox 302 1595 456 1630; x_wconf 82' lang='lat' dir='ltr'>exerceri</span> <span class='ocrx_word' id='word_1_131' title='bbox 478 1594 598 1641; x_wconf 81' lang='lat' dir='ltr'>possit,</span> <span class='ocrx_word' id='word_1_132' title='bbox 624 1593 790 1640; x_wconf 88' lang='lat' dir='ltr'>reliquias</span> <span class='ocrx_word' id='word_1_133' title='bbox 814 1593 895 1628; x_wconf 91' lang='lat' dir='ltr'>inde</span> <span class='ocrx_word' id='word_1_134' title='bbox 918 1593 1042 1634; x_wconf 77' lang='lat' dir='ltr'>nullas,</span> <span class='ocrx_word' id='word_1_135' title='bbox 1072 1599 1132 1628; x_wconf 87' lang='lat' dir='ltr'>aut</span> <span class='ocrx_word' id='word_1_136' title='bbox 1155 1593 1330 1640; x_wconf 88' lang='lat' dir='ltr'>prioribus</span> <span class='ocrx_word' id='word_1_137' title='bbox 1353 1594 1469 1629; x_wconf 87' lang='lat' dir='ltr'>minus</span> <span class='ocrx_word' id='word_1_138' title='bbox 1491 1594 1595 1629; x_wconf 86' lang='lat' dir='ltr'>infor-</span> 
     </span>
     <span class='ocr_line' id='line_1_27' title="bbox 174 1659 1593 1706; baseline -0.001 -11"><span class='ocrx_word' id='word_1_139' title='bbox 174 1661 280 1695; x_wconf 89' lang='lat' dir='ltr'>males</span> <span class='ocrx_word' id='word_1_140' title='bbox 308 1661 503 1695; x_wconf 88' lang='lat' dir='ltr'>reddentes.</span> <span class='ocrx_word' id='word_1_141' title='bbox 558 1659 748 1706; x_wconf 85' lang='lat' dir='ltr'>Ipsumque</span> <span class='ocrx_word' id='word_1_142' title='bbox 776 1671 861 1705; x_wconf 88' lang='lat' dir='ltr'>opus</span> <span class='ocrx_word' id='word_1_143' title='bbox 889 1659 1048 1693; x_wconf 74' lang='lat' dir='ltr'>secundae</span> <span class='ocrx_word' id='word_1_144' title='bbox 1075 1659 1184 1705; x_wconf 88' lang='lat' dir='ltr'>partis</span> <span class='ocrx_word' id='word_1_145' title='bbox 1210 1659 1341 1705; x_wconf 81' lang='lat' dir='ltr'>regulae</span> <span class='ocrx_word' id='word_1_146' title='bbox 1371 1660 1593 1695; x_wconf 82' lang='lat' dir='ltr'>extractionis</span> 
     </span>
    </p>
   </div>
   <div class='ocr_carea' id='block_1_16' title="bbox 174 1724 1590 1835">
    <p class='ocr_par' dir='ltr' id='par_1_17' title="bbox 174 1724 1590 1835">
     <span class='ocr_line' id='line_1_28' title="bbox 174 1724 577 1761; baseline -0.007 0"><span class='ocrx_word' id='word_1_147' title='bbox 174 1725 415 1761; x_wconf 85' lang='lat' dir='ltr'>Conformatio</span> <span class='ocrx_word' id='word_1_148' title='bbox 437 1724 577 1759; x_wconf 88' lang='lat' dir='ltr'>dicitur.</span> 
     </span>
     <span class='ocr_line' id='line_1_29' title="bbox 369 1787 1590 1835; baseline -0.001 -12"><span class='ocrx_word' id='word_1_149' title='bbox 369 1789 420 1824; x_wconf 90' lang='lat' dir='ltr'>Ut</span> <span class='ocrx_word' id='word_1_150' title='bbox 450 1788 487 1822; x_wconf 87' lang='lat' dir='ltr'>in</span> <span class='ocrx_word' id='word_1_151' title='bbox 517 1788 684 1835; x_wconf 83' lang='lat' dir='ltr'>exemplis</span> <span class='ocrx_word' id='word_1_152' title='bbox 714 1788 876 1822; x_wconf 90' lang='lat' dir='ltr'>omnibus</span> <span class='ocrx_word' id='word_1_153' title='bbox 910 1787 1158 1833; x_wconf 87' lang='lat' dir='ltr'>superioribus,</span> <span class='ocrx_word' id='word_1_154' title='bbox 1191 1794 1225 1822; x_wconf 89' lang='lat' dir='ltr'>et</span> <span class='ocrx_word' id='word_1_155' title='bbox 1251 1787 1414 1834; x_wconf 86' lang='lat' dir='ltr'>quadrati</span> <span class='ocrx_word' id='word_1_156' title='bbox 1440 1794 1474 1822; x_wconf 92' lang='lat' dir='ltr'>et</span> <span class='ocrx_word' id='word_1_157' title='bbox 1499 1789 1590 1828; x_wconf 90' lang='lat' dir='ltr'>cubi,</span> 
     </span>
    </p>
   </div>
   <div class='ocr_carea' id='block_1_17' title="bbox 317 1851 1592 1963">
    <p class='ocr_par' dir='ltr' id='par_1_18' title="bbox 317 1851 1592 1963">
     <span class='ocr_line' id='line_1_30' title="bbox 317 1851 1592 1899; baseline -0.001 -12"><span class='ocrx_word' id='word_1_158' title='bbox 317 1853 475 1899; x_wconf 87' lang='lat' dir='ltr'>reliquiae</span> <span class='ocrx_word' id='word_1_159' title='bbox 493 1866 612 1887; x_wconf 88' lang='lat' dir='ltr'>omnes</span> <span class='ocrx_word' id='word_1_160' title='bbox 635 1858 763 1899; x_wconf 83' lang='lat' dir='ltr'>praeter</span> <span class='ocrx_word' id='word_1_161' title='bbox 785 1852 990 1887; x_wconf 84' lang='lat' dir='ltr'>novissimas</span> <span class='ocrx_word' id='word_1_162' title='bbox 1013 1852 1180 1887; x_wconf 88' lang='lat' dir='ltr'>dicuntur</span> <span class='ocrx_word' id='word_1_163' title='bbox 1202 1851 1410 1892; x_wconf 87' lang='lat' dir='ltr'>formabiles‚</span> <span class='ocrx_word' id='word_1_164' title='bbox 1431 1852 1514 1897; x_wconf 87' lang='lat' dir='ltr'>quia</span> <span class='ocrx_word' id='word_1_165' title='bbox 1530 1865 1592 1898; x_wconf 89' lang='lat' dir='ltr'>per</span> 
     </span>
     <span class='ocr_line' id='line_1_31' title="bbox 317 1916 1589 1963; baseline -0.001 -11"><span class='ocrx_word' id='word_1_166' title='bbox 317 1917 426 1952; x_wconf 88' lang='lat' dir='ltr'>solam</span> <span class='ocrx_word' id='word_1_167' title='bbox 456 1918 644 1952; x_wconf 88' lang='lat' dir='ltr'>secundam</span> <span class='ocrx_word' id='word_1_168' title='bbox 674 1922 810 1963; x_wconf 84' lang='lat' dir='ltr'>partem</span> <span class='ocrx_word' id='word_1_169' title='bbox 840 1917 970 1963; x_wconf 61' lang='lat' dir='ltr'>regula}</span> <span class='ocrx_word' id='word_1_170' title='bbox 1000 1917 1224 1951; x_wconf 80' lang='lat' dir='ltr'>extractionis</span> <span class='ocrx_word' id='word_1_171' title='bbox 1255 1916 1524 1956; x_wconf 85' lang='lat' dir='ltr'>conformantur,</span> <span class='ocrx_word' id='word_1_172' title='bbox 1558 1923 1589 1951; x_wconf 83' lang='lat' dir='ltr'>et</span> 
     </span>
    </p>
   </div>
   <div class='ocr_carea' id='block_1_18' title="bbox 316 1981 1373 2028">
    <p class='ocr_par' dir='ltr' id='par_1_19' title="bbox 316 1981 1373 2028">
     <span class='ocr_line' id='line_1_32' title="bbox 316 1981 1373 2028; baseline -0.002 -11"><span class='ocrx_word' id='word_1_173' title='bbox 316 1982 474 2028; x_wconf 85' lang='lat' dir='ltr'>reliquiae</span> <span class='ocrx_word' id='word_1_174' title='bbox 496 1982 694 2017; x_wconf 86' lang='lat' dir='ltr'>novissimae</span> <span class='ocrx_word' id='word_1_175' title='bbox 717 1982 799 2016; x_wconf 87' lang='lat' dir='ltr'>inde</span> <span class='ocrx_word' id='word_1_176' title='bbox 820 1981 935 2016; x_wconf 85' lang='lat' dir='ltr'>minus</span> <span class='ocrx_word' id='word_1_177' title='bbox 956 1982 1155 2017; x_wconf 84' lang='lat' dir='ltr'>informales</span> <span class='ocrx_word' id='word_1_178' title='bbox 1176 1987 1373 2027; x_wconf 79' lang='lat' dir='ltr'>exsurgent.</span> 
     </span>
    </p>
   </div>
   <div class='ocr_carea' id='block_1_19' title="bbox 169 2110 1589 2223">
    <p class='ocr_par' dir='ltr' id='par_1_20' title="bbox 169 2110 1589 2223">
     <span class='ocr_line' id='line_1_33' title="bbox 222 2110 1588 2157; baseline -0.001 -11"><span class='ocrx_word' id='word_1_179' title='bbox 222 2118 255 2154; x_wconf 86' lang='lat'>7.</span> <span class='ocrx_word' id='word_1_180' title='bbox 292 2111 546 2146; x_wconf 80' lang='lat' dir='ltr'>Reformabiles</span> <span class='ocrx_word' id='word_1_181' title='bbox 581 2117 662 2146; x_wconf 87' lang='lat' dir='ltr'>sunt</span> <span class='ocrx_word' id='word_1_182' title='bbox 695 2111 852 2157; x_wconf 87' lang='lat' dir='ltr'>reliquiae</span> <span class='ocrx_word' id='word_1_183' title='bbox 887 2124 973 2157; x_wconf 89' lang='lat' dir='ltr'>quas</span> <span class='ocrx_word' id='word_1_184' title='bbox 1007 2111 1036 2145; x_wconf 86' lang='lat' dir='ltr'>si</span> <span class='ocrx_word' id='word_1_185' title='bbox 1070 2110 1230 2145; x_wconf 83' lang='lat' dir='ltr'>diviseris</span> <span class='ocrx_word' id='word_1_186' title='bbox 1263 2122 1326 2157; x_wconf 90' lang='lat' dir='ltr'>per</span> <span class='ocrx_word' id='word_1_187' title='bbox 1360 2110 1588 2156; x_wconf 88' lang='lat' dir='ltr'>compositum</span> 
     </span>
     <span class='ocr_line' id='line_1_34' title="bbox 169 2174 1589 2223; baseline -0.001 -12"><span class='ocrx_word' id='word_1_188' title='bbox 169 2177 311 2223; x_wconf 89' lang='lat' dir='ltr'>aliquod</span> <span class='ocrx_word' id='word_1_189' title='bbox 342 2175 475 2221; x_wconf 85' lang='lat' dir='ltr'>aequale</span> <span class='ocrx_word' id='word_1_190' title='bbox 504 2175 616 2210; x_wconf 92' lang='lat' dir='ltr'>nihilo</span> <span class='ocrx_word' id='word_1_191' title='bbox 644 2176 721 2220; x_wconf 89' lang='lat' dir='ltr'>(seu</span> <span class='ocrx_word' id='word_1_192' title='bbox 750 2188 813 2221; x_wconf 87' lang='lat' dir='ltr'>per</span> <span class='ocrx_word' id='word_1_193' title='bbox 841 2176 1071 2222; x_wconf 86' lang='lat' dir='ltr'>aequationem</span> <span class='ocrx_word' id='word_1_194' title='bbox 1102 2175 1147 2209; x_wconf 88' lang='lat' dir='ltr'>ad</span> <span class='ocrx_word' id='word_1_195' title='bbox 1177 2176 1228 2220; x_wconf 86' lang='grc' dir='ltr'>Ο),</span> <span class='ocrx_word' id='word_1_196' title='bbox 1262 2181 1296 2209; x_wconf 87' lang='lat' dir='ltr'>et</span> <span class='ocrx_word' id='word_1_197' title='bbox 1323 2174 1406 2209; x_wconf 86' lang='lat' dir='ltr'>hinc</span> <span class='ocrx_word' id='word_1_198' title='bbox 1433 2180 1589 2209; x_wconf 89' lang='lat' dir='ltr'>extantes</span> 
     </span>
    </p>
   </div>
  </div>
 </body>
</html>
