1747 2620
195 203 230 232 12
639 202 703 231 DE
728 202 854 232 ARTE
880 202 1154 233 LOGISTICA.

244 309 340 344 Hinc
357 309 395 343 fit
412 308 573 343 radicalis
590 308 887 354 multiplicationis
906 315 1008 353 atque
1026 307 1247 342 extractionis
1270 308 1509 353 compendium
1536 308 1595 343 ubi

192 373 323 408 indices
341 378 420 407 sunt
438 371 627 418 compositi,
648 371 782 406 facilius
800 371 892 405 enim
905 384 967 417 per
980 375 1221 416 componentes
1239 370 1415 416 sigillatim
1431 371 1595 416 multipli-

192 443 324 477 cantur,
344 442 403 471 aut
421 436 662 475 extrahuntur,
682 436 786 479 quam
802 447 865 480 per
882 433 1097 480 compositos.

385 500 545 546 Exempli
567 499 688 545 gratia,
714 499 816 532 radix
841 498 1120 544 quadripartiens
1142 497 1316 532 difficilius
1335 510 1404 532 uno
1421 510 1522 543 opere
1540 510 1594 532 ex-

335 564 486 598 trahitur
503 576 545 597 ex
562 563 717 597 radicato
735 563 826 603 dato,
843 564 946 607 quam
965 562 993 596 si
1011 563 1165 608 ejusdem
1181 561 1334 595 radicem
1351 561 1595 607 bipartientem

334 628 446 674 primo
460 627 650 661 extraxeris
668 632 771 671 atque
788 627 869 660 hinc
888 627 1012 661 deinde
1030 627 1133 660 aliam
1150 625 1404 671 bipartientem.
1449 625 1505 659 Sic
1523 638 1594 659 sex-

334 691 502 737 tuplicare
527 691 690 731 radicem,
719 690 771 724 vel
798 690 1103 736 sextupartientem
1128 689 1281 724 radicem
1307 689 1498 730 extrahere,
1526 702 1595 723 non

336 762 406 790 tam
430 755 529 789 facile
553 755 596 789 sit
619 756 721 800 quam
739 755 768 789 si
784 755 897 801 primo
915 754 1154 801 triplicaveris,
1179 759 1239 788 aut
1262 753 1515 799 tripartientem
1541 765 1595 787 ex-

334 819 490 859 traxeris,
516 819 597 853 inde
620 819 848 864 duplicaveris
872 824 931 852 aut
952 818 1196 864 bipartientem
1214 817 1414 852 extraxeris.
1466 816 1594 851 Similis

334 890 383 917 est
399 883 563 917 similium
582 882 679 916 ratio.
724 882 930 928 Exemplum
948 882 984 915 in
1001 882 1153 916 numeris
1169 895 1176 915 z
1208 881 1325 914 Radix
1343 880 1594 926 sextupartiens

335 948 352 981 ὁ
371 948 416 981 61¹<
434 946 568 981 facilius
586 946 779 980 extrahitur
796 946 908 991 primo
925 946 1078 979 radicem
1095 945 1348 991 tripartientem
1371 943 1593 983 extrahendo,

335 1016 372 1044 ut
394 1011 479 1044 fiant
501 1014 533 1050 4,
559 1010 639 1043 inde
662 1009 904 1055 bipartienteni
927 1009 1148 1049 extrahendo,
1175 1014 1214 1042 ut
1234 1008 1318 1042 fiant
1336 1012 1382 1050 Ως
1412 1008 1465 1041 vel
1482 1007 1594 1052 prims)

333 1074 486 1108 radicem
511 1073 755 1119 bipartientem
780 1073 992 1107 extrahendo
1018 1073 1035 1106 e
1060 1073 1115 1112 (54,
1144 1078 1181 1106 ut
1207 1072 1291 1105 fiant
1319 1075 1350 1111 8,
1378 1071 1458 1105 inde
1485 1077 1594 1104 extra-

334 1138 447 1171 hendo
464 1137 615 1171 radicem
634 1136 886 1182 triparticntem
905 1137 922 1170 ἱ·
942 1140 972 1176 S,
1000 1143 1037 1170 ut
1060 1137 1144 1170 fiant
1165 1140 1197 1175 Q,
1224 1135 1324 1169 radix
1342 1134 1594 1181 sextupartiens

332 1202 485 1246 quaesita.

240 1331 292 1364 Ex
318 1330 502 1375 praemissis
529 1330 703 1375 colligitur
729 1330 889 1364 radicalis
915 1328 1223 1375 multiplicationis,
1249 1326 1456 1374 partiti011iS‚
1482 1332 1515 1360 et
1539 1338 1593 1360 ex-

190 1394 367 1428 tractionis
390 1393 553 1439 singulas,
578 1394 646 1427 duo
664 1393 791 1427 habere
809 1393 991 1435 examina3
1020 1393 1186 1426 nimirum
1208 1391 1450 1437 multiplicatio
1472 1391 1593 1435 proba-

189 1464 246 1491 tur
269 1457 321 1491 vel
344 1457 529 1502 partitione
552 1457 605 1491 vel
629 1457 864 1499 extractione3
894 1456 1035 1502 partitio
1052 1457 1219 1502 probatur
1236 1455 1289 1489 vel
1306 1453 1593 1500 multiplicatione

189 1522 241 1555 vel
259 1521 471 1556 extractione
487 1536 496 1563 3
525 1521 703 1561 extractio,
725 1521 776 1555 vel
794 1520 1080 1566 multiplicatione
1097 1520 1150 1554 vel
1167 1519 1363 1565 partitione.

381 1585 432 1619 Ut
449 1584 485 1618 in
503 1585 678 1630 superiore
696 1585 852 1630 exemplo
870 1584 1016 1618 radicati
1034 1587 1090 1624 32,
1114 1583 1237 1617 indicis
1255 1588 1287 1622 5,
1311 1588 1344 1616 et
1361 1582 1488 1616 radicis
1507 1585 1539 1621 Q,
1565 1581 1592 1614 si

333 1648 468 1682 dubites
492 1660 536 1681 an
558 1651 604 1681 32
629 1648 697 1681 sint
720 1648 1011 1692 quintuplicatum
1028 1647 1166 1686 binarii,
1185 1646 1383 1680 radicaliter
1399 1645 1529 1690 partire
1547 1648 1592 1677 32>

332 1724 393 1757 per
419 1716 441 1745 ⁶2
467 1718 501 1745 et
526 1711 657 1745 incides
683 1711 719 1744 in
745 1716 777 1751 5,
806 1711 956 1745 indicem
973 1711 1182 1756 pristinum3
1210 1710 1263 1743 vel
1281 1709 1422 1743 extrahe
1440 1709 1591 1742 radicem

332 1775 663 1820 quintupartientem
689 1778 734 1808 39.
761 1780 793 1808 et
819 1774 950 1808 incides
974 1774 1009 1807 in
1033 1778 1065 1814 42,
1088 1773 1270 1819 pristinam
1294 1773 1471 1813 radicem;
1500 1773 1591 1805 unde

334 1839 491 1885 arguitur
516 1842 562 1873 32
588 1852 660 1873 esse
686 1839 879 1872 radicatum
906 1850 1046 1872 verum:
1078 1838 1166 1872 Item
1192 1837 1221 1871 si
1247 1837 1384 1871 dubites
1410 1848 1453 1870 an
1478 1840 1499 1869 ,Q
1523 1835 1591 1869 sint

334 1903 442 1943 radix,
462 1915 524 1949 per
541 1915 617 1937 eam
634 1902 749 1936 divide
766 1902 965 1936 radicaliter
982 1905 1038 1941 32,
1059 1907 1093 1935 et
1110 1901 1240 1935 incides
1257 1900 1294 1934 in
1312 1899 1461 1933 indicem
1479 1904 1511 1938 5,
1532 1904 1590 1932 aut

333 1967 481 2000 eundem
505 1966 679 2000 binarium
705 1965 967 2011 quintuplicatO,
996 1971 1027 1998 et
1054 1965 1184 1998 incides
1210 1964 1246 1997 in
1273 1966 1342 1997 322:
1370 1962 1534 2007 Denique
1552 1968 1590 1995 ut

335 2031 499 2076 probetur
517 2042 561 2064 an
578 2035 599 2064 5
619 2030 687 2064 sint
704 2042 804 2064 verus
827 2029 941 2069 index,
970 2028 1112 2062 extrahe
1138 2027 1291 2062 radicem
1317 2026 1590 2072 quintupartien-

335 2100 403 2128 tem
421 2095 438 2128 ὲ
455 2097 512 2135 32,
540 2100 574 2129 et
596 2094 726 2128 incides
748 2094 785 2127 in
808 2098 841 2133 Q,
870 2100 927 2128 aut
945 2093 1144 2128 radicaliter
1161 2092 1412 2138 quintuplicato
1430 2095 1462 2131 Q,
1491 2098 1521 2124 et
1540 2091 1589 2123 in-

335 2158 427 2192 cides
445 2157 481 2192 in
498 2161 555 2193 3⁶2.
