1747 2620
189 214 223 242 16
637 217 699 247 DE
725 217 851 247 ARTE
877 216 1150 247 LOGISTICA.

332 320 435 354 boum
462 321 674 355 satisfaciens
698 322 856 355 secundae
879 321 1069 366 quaestioni.
1123 321 1213 353 Item
1230 320 1266 353 in
1284 320 1385 353 tertia
1402 320 1589 365 quaestione

330 384 524 430 multiplica
545 385 738 431 superiores
755 389 812 424 20,
837 388 869 424 Q,
895 389 927 424 5,
951 390 984 418 et
1002 388 1023 422 9
1040 384 1198 423 invicem,
1217 384 1300 417 fient
1322 387 1436 426 18003
1464 383 1589 417 deinde

330 448 523 494 multiplica
541 454 571 489 1,
592 453 624 489 3,
650 454 683 483 et
704 454 720 482 1
740 448 897 488 invicem,
926 448 1009 482 fient
1035 453 1169 482 tantum
1193 451 1239 489 33
1272 459 1333 492 per
1359 459 1434 492 quae
1459 447 1589 492 partire

333 516 433 552 1800,
453 513 536 546 fient
554 513 634 553 600,
654 525 817 546 numerus
836 512 1024 546 solidorum
1042 512 1230 546 valentium
1248 516 1269 549 9
1288 514 1476 545 coronatos.

234 640 357 685 Itaque
381 652 496 673 omnes
515 640 645 685 speeies
672 640 871 686 regularum
895 639 1205 685 proportionalium
1229 638 1330 672 unica
1351 638 1503 684 generali
1521 650 1588 672 me-

185 703 300 743 thodo,
320 709 353 737 et
372 704 583 753 operatione,
604 704 938 749 comprehendimus.

375 758 519 801 De’hfic
542 768 699 801 doctrin-[1
722 767 976 807 infinitas,—ut
998 767 1124 812 regulae
1148 766 1253 800 trium
1279 779 1338 800 seu
1361 778 1482 807 aureae,
1511 767 1587 800 sim-

329 831 438 876 plicis,
466 831 623 877 duplicis,
652 832 805 877 quinque
832 831 1076 877 quantitatum,
1096 843 1154 864 sex
1173 831 1416 875 quantitatum,
1437 830 1585 870 (lirectae,

328 895 481 935 inversae,
496 895 748 941 &c.‚—species
763 902 796 929 et
810 896 936 929 formas
950 895 1092 929 tradunt
1107 895 1268 928 authores
1282 910 1291 936 3
1319 907 1383 928 nec
1400 900 1514 929 tamen
1529 895 1587 928 tri-

325 959 440 1003 plioes,
471 966 530 993 aut
556 960 641 993 alias
667 960 739 1005 ejus
762 959 969 1004 multiplices
992 959 1117 992 formas
1141 958 1340 1004 attigerunt,
1369 970 1453 1003 quas
1471 971 1587 992 omnes

326 1023 383 1057 hic
400 1023 550 1057 breviter
568 1023 683 1058 habes

233 1151 351 1195 Atque
374 1151 426 1184 hae
449 1157 528 1184 sunt
550 1151 883 1196 proportionalium;
913 1156 1138 1196 sequerentur
1156 1150 1517 1195 disproportionalium
1535 1162 1585 1184 re-

182 1215 294 1259 gulae:
335 1215 403 1249 Sed
429 1215 511 1260 quia
536 1215 599 1255 hae,
627 1221 751 1260 praeter
777 1214 1048 1260 computationes
1074 1214 1361 1259 proportionatas,
1393 1214 1585 1248 additiones

181 1280 284 1313 etiam
302 1285 335 1313 et
353 1279 631 1319 substractiones,
648 1285 681 1313 et
695 1279 779 1313 alias
793 1278 1064 1324 computationes
1078 1278 1335 1324 proportionem
1352 1278 1585 1313 disturbantes

182 1344 348 1377 immistas
378 1343 518 1383 habent,
546 1343 608 1377 has
634 1343 713 1377 ideo
739 1355 855 1377 omnes
881 1342 1002 1376 missas
1028 1342 1183 1382 facimus,
1212 1343 1304 1387 quod
1329 1342 1432 1376 unica
1452 1355 1514 1387 pro
1536 1343 1583 1376 eis

182 1408 339 1442 omnibus
357 1408 520 1442 inserviet
537 1407 637 1442 nobis
656 1407 822 1453 Algebra.

372 1471 423 1506 Ut
451 1478 529 1505 sunt
556 1471 736 1517 potissima
761 1483 841 1517 pars
869 1471 1022 1505 omnium
1052 1470 1347 1505 arithmeticarum
1375 1471 1581 1516 regularum,

326 1535 544 1581 alligationis,
572 1535 754 1575 societatis,
784 1535 870 1575 falsi,
901 1535 1025 1580 simpli,
1055 1535 1163 1580 dupli,
1192 1540 1226 1568 et
1249 1535 1394 1569 aliarum
1421 1535 1583 1580 plurima-

324 1613 412 1639 rum,
461 1601 612 1645 itemque
652 1599 953 1634 Geometricarum
992 1599 1275 1645 propositionum,
1316 1599 1580 1645 problematum,

324 1664 584 1703 theorematum,
611 1664 669 1697 &c.
695 1676 780 1708 quae,
804 1663 945 1697 confusa
969 1668 1042 1696 tum
1064 1662 1230 1696 varietate
1252 1668 1325 1696 tum
1346 1662 1578 1702 multitudine,

324 1728 525 1761 memoriam
552 1727 748 1762 disturbant
763 1727 887 1770 3—has
911 1739 993 1772 ergo
1017 1726 1254 1772 relinquimus,
1279 1727 1471 1772 Algebram
1495 1733 1580 1761 trac-

324 1791 440 1825 taturi.
