1747 2620
170 205 209 233 20
670 206 735 236 DE
761 207 889 237 ARTE
915 207 1191 239 LOGISTICA.

318 315 425 353 -32,
457 312 574 347 indice
604 314 737 355 eodem,
757 313 901 349 habebit
923 314 1078 349 radicem
1101 315 1307 350 defectivam
1341 320 1422 356 -Ω,
1439 317 1533 362 quod
1552 329 1593 351 ex

314 377 534 422 praecedente
553 378 721 424 exemplo,
741 383 775 413 et
793 378 977 425 utriusque
995 378 1154 414 examine
1171 379 1307 425 liquido
1325 386 1470 416 constat.

219 506 358 551 Regula
374 507 608 553 proportionis
630 520 699 541 non
718 513 770 542 est
795 508 854 543 hic
871 510 1071 555 repetenda,
1093 510 1186 556 quod
1204 522 1246 544 ea
1270 523 1313 544 ex
1330 511 1588 557 multiplicatio—

168 570 270 605 nibus
288 577 322 606 et
340 572 588 618 partitionibus
607 579 846 619 componatur,
867 579 902 608 et
918 587 982 620 per
998 575 1180 621 praemissa
1197 575 1410 622 acquiratur.

704 777 905 817 CAPUT
944 777 1043 817 VII.

551 906 607 934 DE
628 906 989 940 QUANTITATIBUS
1011 907 1200 935 FRACTIS.

214 1009 419 1044 HACTENUS
438 1010 553 1056 prima
570 1011 806 1056 quantitatum
824 1011 950 1045 divisio
965 1026 974 1055 3
1001 1012 1159 1057 sequitur
1171 1013 1333 1047 secunda.

208 1138 378 1179 Secundo,
407 1139 523 1180 etiam,
544 1140 758 1185 quantitates
777 1146 837 1175 aut
855 1146 936 1175 sunt
953 1141 1109 1187 integrae,
1130 1147 1191 1176 aut
1208 1141 1336 1176 fractae.

208 1203 434 1243 Quantitates
458 1203 613 1250 integras
631 1204 690 1238 hic
708 1204 868 1246 dicimus,
889 1218 967 1251 quae
994 1212 1054 1240 aut
1078 1205 1259 1247 unitatem,
1280 1212 1341 1240 aut
1366 1206 1502 1240 nullum
1520 1207 1579 1241 ha-

158 1269 241 1302 bent
260 1269 573 1303 denominatorem.
627 1269 851 1316 Integrarum
871 1276 986 1304 autem
1005 1283 1068 1316 per
1085 1283 1120 1304 se
1139 1270 1415 1316 computationes
1433 1283 1475 1305 ex
1493 1283 1579 1317 prae-

156 1333 280 1373 missis,
302 1346 382 1367 cum
400 1334 531 1375 fractis,
553 1335 645 1374 vero,
667 1347 708 1369 ex
727 1335 954 1380 sequentibus
971 1334 1153 1370 habemus.

207 1398 350 1432 Fractas
368 1399 449 1433 verb
464 1398 624 1439 dicimus,
642 1411 720 1444 quae
735 1399 1035 1434 denominatorem
1050 1399 1225 1433 diversum
1240 1399 1284 1433 ab
1298 1398 1432 1434 unitate
1445 1399 1577 1434 habent

157 1463 371 1497 numeratori
390 1463 619 1509 suppositum.

206 1527 463 1562 Denominator
481 1534 532 1562 est
550 1528 728 1574 quantitas
746 1528 928 1575 supposita
944 1528 1057 1569 linem,
1078 1541 1156 1574 quae
1173 1540 1235 1574 per
1253 1533 1338 1574 quot
1355 1534 1471 1574 partes
1489 1528 1574 1563 divi-

155 1591 271 1626 denda
288 1592 331 1626 sit
351 1598 424 1627 tota
441 1593 584 1627 indicat.

204 1656 418 1691 Numerator
441 1663 557 1692 autem
583 1664 635 1692 est
662 1658 838 1703 quantitas
866 1658 1084 1704 superposita
1109 1657 1220 1699 lineae,
1240 1670 1316 1704 quae
1334 1663 1419 1704 quot
1444 1669 1487 1692 ex
1504 1657 1573 1692 illis

154 1721 312 1766 partibus
331 1723 508 1757 sumendae
527 1722 597 1756 sint
615 1723 769 1757 denotat,

350 1787 394 1820 V.
413 1800 446 1833 g.
477 1787 567 1821 Haec
585 1787 773 1832 quantum,
794 1790 815 1821 3
828 1788 879 1828 ab,
900 1793 952 1822 est
978 1787 1117 1833 integra
1143 1787 1330 1832 quantitas.
1385 1787 1442 1821 Sic
1460 1788 1572 1833 (quod

303 1851 395 1885 idem
427 1853 496 1896 cst)
520 1851 577 1905 3—sb
601 1856 652 1885 cst
676 1851 781 1885 ctiam
816 1851 963 1898 integra,
996 1853 1060 1886 sub
1091 1851 1204 1898 specie
1235 1857 1351 1885 tamen
1380 1851 1570 1886 fractionis.

301 1916 388 1950 Item
417 1917 485 1971 ξ-Ζξ,
515 1922 549 1950 ct
569 1919 623 1970 5—2',
654 1921 687 1950 et
713 1918 766 1970 g—JL‘,
792 1916 863 1951 sive
888 1917 982 1962 quod
1008 1916 1100 1950 iden]
1119 1921 1180 1956 est,
1201 1916 1233 1962 ᾗ,
1263 1915 1450 1950 fractiones
1476 1922 1568 1956 sunt,

298 1993 358 2015 seu
375 1966 494 2015 fractae
513 1980 736 2026 quantitates,
765 1992 913 2025 quarum
933 1979 1073 2013 termini
1091 1979 1286 2024 superiores
1305 1985 1386 2013 sunt
1410 1991 1570 2013 numera-

300 2052 401 2087 tores,
418 2045 599 2080 inferiores
618 2046 709 2086 vero,
730 2044 1019 2079 denominatores.

205 2177 430 2218 Quantitates
466 2176 593 2210 fractas
627 2175 776 2220 majores
812 2173 957 2213 unitate,
994 2186 1036 2208 ex
1071 2173 1286 2220 imperfectis
1320 2172 1569 2219 partitionibus
