1747 2620
599 205 662 235 DE
689 203 815 234 ARTE
841 202 1116 234 LOGISTICA.
1536 206 1573 234 75

296 315 410 354 modo,
431 314 500 369 hsfff'
520 327 528 355 ;
559 317 630 352 aut,
650 311 801 350 tandem,
822 310 942 344 eadem
961 309 1062 344 radix
1083 315 1135 343 est
1158 309 1359 343 mechanico
1382 310 1569 343 admodum

297 379 387 413 inter
405 378 570 413 terminos
588 376 810 415 includenda,
831 381 869 409 ut
887 375 1055 420 sequitur.

201 507 431 542 Mechanieus
445 512 561 541 autem
574 505 697 540 modus
711 510 773 545 est,
787 504 941 538 radicem
953 503 1146 549 quaesitam,
1161 516 1238 549 quae
1252 503 1406 538 numeris
1421 504 1569 550 exprimi

150 571 281 617 nequit,
301 571 393 606 inter
410 570 575 605 terminos
593 570 760 616 majorem
778 574 812 603 et
829 568 999 602 minorem
1017 568 1121 613 quam
1140 567 1332 602 arctissime
1350 568 1541 602 includere.

199 635 360 670 Termini
378 641 508 681 quanto
526 634 667 680 majoris
681 632 983 673 denominationis,
1000 637 1034 666 et
1047 632 1192 667 minoris
1206 632 1414 667 differentiae
1428 632 1568 670 fuerint,

150 706 246 734 tanto
264 700 419 735 radicem
437 698 567 734 arctius
585 698 779 737 includunt,
800 702 833 731 et
850 696 1030 742 praecisius
1048 696 1231 731 definiunt.

200 765 249 799 Ut
276 778 358 811 ergo
385 764 525 799 termini
548 763 617 798 sint
641 756 933 797 denominationis
954 767 1094 807 optatae,
1119 773 1303 796 numerum
1322 767 1449 807 optatae
1468 763 1570 797 deno-

150 829 350 865 minationis
372 828 568 875 multiplica
589 827 800 867 radicaliter,
826 826 1017 861 secundum
1038 826 1191 860 indicem
1214 832 1248 860 et
1271 826 1420 872 speciem
1443 827 1570 861 radicis

150 894 331 940 quaesitam
345 909 354 936 ;
382 893 474 933 inde,
491 893 594 938 hujus
608 892 802 926 radicatum
820 890 1015 936 multiplica
1032 902 1094 936 per
1111 890 1290 925 fractionis
1309 891 1435 925 oblata}
1452 904 1570 925 nume-

149 965 310 999 ratorem,
338 959 548 1004 productum
574 956 704 1003 partire
730 968 792 1002 per
817 956 972 1001 ejusdem
995 955 1317 998 denominatorem3
1349 955 1446 1001 quoti
1470 956 1570 990 radix

148 1023 333 1070 propositae
347 1022 484 1069 speciei,
501 1028 572 1057 tam
585 1021 742 1068 proxime
755 1020 870 1055 minor
883 1021 987 1066 quam
999 1020 1121 1066 major,
1136 1020 1342 1055 extrahatur
1355 1021 1570 1066 integrorum

148 1101 255 1129 more,
276 1094 309 1123 et
328 1088 467 1134 utrique
485 1086 727 1122 denominator
745 1086 874 1120 electus
892 1085 1131 1120 subscribatur
1147 1098 1155 1119 ε
1185 1085 1300 1120 Erunt
1318 1085 1411 1120 enim
1430 1086 1569 1120 termini

148 1154 268 1199 optati,
289 1153 347 1187 ille
364 1152 488 1192 minor,
508 1152 567 1186 hic
583 1152 704 1197 major,
724 1150 879 1185 radicem
897 1150 1079 1196 quaesitam
1097 1150 1325 1184 includentes.

342 1218 392 1252 Ut
423 1216 467 1251 sit
496 1215 675 1251 fractionis
706 1214 894 1261 superioris
928 1216 1007 1270 2⁹00,
1040 1227 1101 1249 seu
1130 1216 1188 1270 259,
1221 1214 1439 1249 extrahenda
1469 1216 1569 1249 radix

293 1282 506 1328 bipartiens:
540 1281 593 1315 Sit
611 1280 847 1315 denominatio
866 1285 985 1326 optata
1003 1283 1075 1314 ‘200
1091 1279 1267 1325 partium;
1293 1279 1417 1314 harum
1438 1280 1568 1314 radica-

293 1355 366 1382 tum
380 1346 565 1393 proposita}
580 1346 708 1393 speciei
722 1345 957 1392 (duplicatum
971 1344 1122 1390 scilicet)
1136 1350 1187 1378 est
1200 1348 1320 1379 40000
1335 1359 1344 1386 3
1372 1345 1568 1391 multiplica

292 1425 374 1458 ergo
392 1416 512 1446 ΑιΟΟΟΟ
529 1424 591 1458 per
610 1416 667 1452 29,
688 1416 945 1445 numeratorem
964 1409 1129 1450 oblatum,
1156 1416 1190 1444 et
1210 1410 1419 1455 productum
1437 1411 1567 1456 partire

293 1490 355 1523 per
368 1482 401 1518 4,
418 1477 573 1523 ejusdem
590 1476 900 1516 denominatorem‚
916 1475 1122 1521 provenient
1136 1478 1280 1513 290000
1293 1481 1419 1520 quotus
1434 1490 1442 1517 3
1469 1477 1566 1521 cujus

293 1542 395 1577 radix
422 1541 625 1588 biparticns,
655 1553 780 1587 nempe
807 1540 964 1587 proxime
992 1540 1117 1580 minor,
1150 1545 1200 1574 est
1231 1543 1312 1580 538,
1346 1545 1379 1573 et
1409 1540 1565 1586 proxime

292 1608 403 1653 major
426 1613 477 1641 est
499 1609 580 1646 539,
607 1607 667 1651 (ex
690 1604 927 1651 superioribus
944 1605 1161 1650 integrorum
1178 1604 1326 1650 regulis)
1344 1604 1470 1650 quibus
1488 1606 1565 1639 sub-

292 1671 476 1706 scribendo
506 1670 806 1705 denominatorem
834 1673 906 1704 ι200
932 1675 1100 1715 optatum,
1133 1670 1217 1704 fient
1245 1670 1326 1717 ᾖξ’-(Ἦ,
1358 1670 1472 1704 minor
1500 1677 1565 1704 ter-

290 1736 416 1777 minus,
448 1741 482 1770 et
509 1737 591 1783 ξ-Ξῧ,
624 1736 736 1782 major
762 1734 942 1775 terminus,
975 1734 1176 1770 differentes
1206 1735 1276 1769 sola
1306 1735 1408 1769 unica
1438 1735 1563 1770 ducen-

292 1801 413 1835 tesima
431 1800 586 1841 unitatis,
611 1807 645 1835 et
668 1800 718 1834 ita
739 1805 834 1834 arcte
856 1799 938 1834 satis
956 1799 1174 1834 includentes
1201 1802 1302 1855 ι-Γῑῒθ,
1328 1813 1388 1834 seu
1411 1800 1563 1834 radicem

290 1865 536 1911 bipartientem
553 1866 657 1912 hujus
674 1864 853 1899 fractionis
870 1866 918 1920 Q
937 1864 1130 1910 quaesitam.

542 2012 751 2058 Exemplum
768 2012 898 2046 radicis
916 2012 1156 2058 tripartientis.

340 2126 440 2166 Item,
468 2126 513 2160 sit
539 2125 755 2160 extrahenda
780 2125 882 2160 radix
907 2125 1109 2171 tripartiens
1133 2125 1151 2159 ὲ
1173 2127 1206 2171 ξ,
1232 2137 1292 2159 scu
1317 2125 1431 2170 potius
1458 2126 1557 2171 (quia

289 2191 363 2225 haec
385 2190 486 2225 radix
508 2203 578 2225 non
601 2196 651 2224 est
674 2202 819 2224 numero
841 2189 1075 2236 explicabilis)
1097 2195 1300 2235 quaerantur
1323 2190 1396 2235 ejus
1419 2190 1557 2225 termini
